1905 3135
907 162 932 204 5

269 287 314 332 si
335 287 436 342 'quis
467 287 580 329 hunc
599 285 790 329 libellum
819 294 994 327 censura
1009 265 1190 338 dignum
1204 281 1469 337 iudicaverit,
1490 294 1631 325 secum

207 364 370 414 reputet
412 359 536 401 velim
549 390 563 413 ,
609 369 679 399 me
724 356 811 397 iam
839 354 1019 410 amplius
1047 366 1118 396 sex
1148 366 1278 397 annos
1302 358 1438 396 totum
1468 352 1558 396 fere
1588 354 1632 395 in

208 429 458 485 theologicas
496 430 637 471 literas
677 425 867 468 abditum
901 438 989 468 esse
1018 426 1063 466 in
1094 425 1226 480 iisque
1254 425 1393 480 vigere
1422 430 1463 466 et
1487 418 1634 480 pessro

208 501 362 543 amicos
393 514 508 543 meos
537 504 709 553 veteres,
739 497 888 539 latinos
919 493 1169 558 graffosque
1203 497 1434 551 scriptores,
1459 497 1634 539 invisere
1700 507 1732 532 τῖε

209 584 357 625 posse„
400 572 527 625 Hinc,
564 570 598 611 si
636 567 737 623 quid
773 568 882 610 male
912 566 1129 610 emendavi
1155 567 1406 623 explicuive,
1431 567 1569 622 aliqua
1589 567 1633 608 in

209 654 278 683 me
303 641 562 697 indulgentia
592 644 634 681 et
667 638 924 694 benignitate
949 638 1042 680 erit.

271 713 351 765 Qui
381 703 426 754 in
451 716 664 766 posterum
692 710 841 752 latinos
862 722 1078 765 graecosve
1094 710 1310 764 scriptores
1324 708 1505 751 edendos
1519 721 1638 751 cura-

211 784 337 837 bunt,
382 787 429 824 ut
473 786 560 823 tam
605 780 904 835 diligenter‘et
928 785 1117 821 accurate
1145 779 1264 822 codd.
1292 777 1410 824 MSS.
1442 779 1638 821 lectiones

211 854 388 907 addant,
424 858 546 907 atque
582 852 782 906 Orellius,
821 865 872 894 ex
909 852 1039 893 animi
1067 853 1268 893 sententia
1296 857 1404 906 opto.
1467 851 1638 894 Utinam

211 930 253 966 et
302 924 406 966 mihi
437 923 658 979 aliquando
689 924 804 979 copia
845 923 972 965 libros
1001 921 1118 967 MSS.
1151 923 1307 977 aliquot
1335 922 1562 964 latinorum
1597 927 1640 964 et

215 1008 460 1050 graecorum
491 996 738 1050 scriptorum
769 1000 811 1037 et
842 995 1049 1049 imprimis
1083 999 1251 1048 patrum
1270 994 1640 1036 ecclesiasticorum

215 1079 347 1120 quum
372 1067 624 1121 latinorum,
655 1072 746 1108 tum
779 1078 1025 1120 graecorum
1056 1070 1098 1107 et
1127 1064 1371 1120 inspiciendi
1387 1069 1430 1107 et
1448 1063 1500 1106 ad
1514 1064 1641 1107 libros

191 1136 362 1179 -formis
387 1136 612 1191 descriptos
638 1136 879 1179 conferendi
910 1137 1175 1190 praebeatur!

273 1208 331 1260 Is,
362 1208 433 1261 qui
467 1207 641 1248 alteram
667 1206 922 1249 Orellianam
954 1205 1181 1249 editionem
1206 1206 1386 1260 parabit,
1403 1206 1505 1247 haec
1519 1205 1644 1247 addat

214 1277 360 1319 velim:
410 1277 540 1319 Taciti
588 1278 668 1318 vita
713 1277 1019 1319 accuratissime
1060 1281 1301 1331 enarretur,
1335 1277 1562 1331 explicetur
1590 1276 1643 1318 de

214 1349 304 1390 eius
341 1349 511 1402 ingenio
547 1354 588 1389 et
615 1347 819 1389 scribendi
848 1360 1001 1402 genere
1031 1349 1058 1388 i.
1099 1360 1136 1389 e.
1168 1347 1220 1389 de
1248 1348 1453 1389 librorum
1483 1347 1644 1402 abipso

214 1418 540 1472 conscriptorum
584 1423 858 1471 argumento,
895 1416 1030 1458 forma
1061 1418 1466 1471 compositioneque,
1501 1417 1645 1459 elocu-

214 1490 337 1529 tionis
362 1487 502 1529 indole
531 1492 624 1528 tum
657 1488 912 1540 generatim,
935 1492 1028 1528 tum
1044 1487 1288 1540 singillatim
1303 1501 1316 1540 ς
1332 1500 1407 1528 suo
1425 1488 1516 1529 loco
1536 1500 1645 1529 com·

213 1562 411 1614 parentur
455 1558 565 1599 inter
595 1569 638 1598 se
669 1556 932 1612 Thucydides
962 1554 1004 1599 et
1038 1557 1230 1612 Tacitus,
1261 1570 1309 1599 ac
1341 1558 1509 1599 Tacitus
1544 1562 1587 1599 et
1613 1558 1643 1599 ii

215 1631 524 1686 Romanorum,
551 1629 622 1682 qui
649 1633 691 1669 et
730 1634 826 1669 ante
862 1634 903 1669 et
933 1633 1024 1682 post
1053 1641 1153 1670 eum
1168 1641 1312 1670 rerum
1328 1634 1541 1683 gestarum
1556 1629 1643 1670 his-

214 1698 583 1754 toriamcomplexi
599 1702 720 1740 sunt:
749 1702 889 1740 exacte
904 1697 1179 1740 enumerandi
1206 1687 1248 1740 et
1276 1698 1529 1741 diiudicandi
1549 1704 1647 1742 sunt

214 1771 332 1813 codd.
360 1769 465 1813 MSS
495 1775 537 1812 et
564 1769 765 1811 editiones
794 1770 998 1812 librorum
1026 1771 1312 1813 Tacitinorum
1348 1777 1390 1813 et
1418 1785 1524 1826 quae
1549 1777 1647 1814 sunt

214 1842 256 1884 id
290 1855 422 1898 genus
451 1842 594 1897 plura,
625 1853 770 1883 omnes
792 1842 1066 1896 interpretum
1088 1847 1129 1883 et
1155 1842 1466 1885 emendationes
1484 1844 1645 1886 coniec-

214 1918 414 1968 turaeque
445 1918 487 1955 et
521 1913 811 1968 explicationes
840 1913 1017 1955 breviter
1047 1912 1282 1956 afferendae
1316 1920 1438 1969 sunt,
1469 1920 1518 1957 ut
1546 1916 1646 1957 alio-

215 1996 313 2025 rum
327 1983 576 2025 editionibus
591 1995 733 2025 carere
745 1984 894 2037 possis3
906 1985 1237 2026 accuratissimus
1248 1998 1413 2038 quoque
1423 1986 1644 2028 verborum

215 2054 339 2096 index
382 2053 594 2095 addendus
629 2058 716 2107 est,
752 2054 901 2107 quibus
936 2053 1220 2108 adiungantur
1250 2056 1503 2108 sententiae,
1538 2069 1645 2110 quae

214 2125 324 2180 apud
356 2126 546 2168 Tacitum
582 2125 806 2179 leguntur,
842 2137 969 2178 quem
1009 2124 1061 2166 ad
1097 2125 1271 2167 modum
1302 2125 1439 2180 Poppo
1474 2126 1573 2169 fecit
1599 2128 1643 2168 in

216 2196 457 2239 Thucididis
485 2197 601 2238 libris
629 2196 681 2237 ab
711 2196 799 2250 ipso
825 2195 957 2237 editis.

276 2268 621 2310 Honestissimum
662 2267 853 2310 editionis
883 2268 953 2308 ab
1004 2267 1158 2310 Orellio
1193 2268 1414 2311 adornatae
1448 2269 1641 2324 redemp-

218 2342 351 2379 torem
386 2350 459 2381 oro
493 2350 699 2393 rogoque,
730 2343 777 2379 ut
822 2349 915 2379 eam
946 2337 1100 2379 iterum
1131 2336 1241 2380 foras
1267 2338 1447 2380 dandam
1480 2340 1642 2382 minore

216 2408 459 2461 eademque,
485 2415 608 2463 atque
624 2409 781 2450 Horatii
805 2409 992 2450 carmina
1017 2414 1112 2457 etc„
1140 2409 1282 2451 charta
1314 2415 1355 2450 et
1383 2410 1427 2450 in
1449 2416 1643 2464 quattuor

218 2479 427 2522 volumina
461 2478 724 2522 distributam
754 2480 931 2521 emittat.

277 2549 486 2593 Occasioni
499 2580 512 2603 ,
537 2563 644 2603 quae
664 2563 778 2593 nunc
808 2550 912 2591 mihi
949 2549 1085 2603 datur,
1105 2562 1248 2593 meum
1267 2557 1435 2605 gratum
1450 2553 1641 2596 animum

217 2622 260 2671 in
296 2634 385 2673 eos,
426 2620 497 2676 qui
532 2619 584 2662 de
614 2633 683 2663 me
714 2622 819 2664 bene
845 2611 985 2664 meriti
1011 2626 1130 2677 sunt,
1155 2621 1377 2677 profitendi
1404 2637 1488 2667 non
1510 2623 1641 2667 desim
