1905 3135
926 244 983 286 20

240 375 350 408 rums
380 374 509 404 unius
539 374 633 402 Aius
663 373 829 404 Amnum
859 375 1052 406 unionum
1081 374 1276 405 consonus
1289 376 1465 410 numeros
1478 374 1663 409 rnornun

239 446 285 475 ετ
313 444 500 475 surenam
514 474 518 476 ,
531 444 577 473 m·
592 443 744 473 murum
758 444 817 473 sm
831 444 988 474 anunm
1002 445 1154 475 semu
1168 444 1374 474 exsririssn
1390 448 1663 479 smirnamum

306 503 423 545 «Noli
452 515 550 545 cum
582 502 717 556 Lipsio
750 492 923 556 aliisque
957 508 1195 557 suspectum
1225 503 1378 546 habere
1404 518 1440 546 v.
1458 507 1587 560 aliis3
1604 510 1666 549 est

234 586 308 628 pro
353 573 512 627 vulgari
552 572 676 615 nullis
700 573 874 615 omnino
904 573 1126 616 aliorum.»
1168 573 1239 617 Or.
1268 573 1445 629 Vellem,
1464 577 1666 620 attulisset

233 645 472 699 exemplum
515 644 631 698 loco,
683 643 736 685 de
766 656 850 698 quo
880 644 1070 698 agimus,
1103 645 1299 687 similem.
1332 644 1475 687 Donec
1499 645 1544 686 id
1577 659 1664 689 non

232 714 359 758 fuerit
380 715 597 768 allatum,
642 714 782 757 locum
827 719 1079 769 ‘corruptum
1110 716 1198 757 esse
1232 713 1421 770 affirmo,
1450 727 1578 770 quem
1607 716 1664 768 ita

231 785 542 829 emendandum
574 798 660 827 esse
694 784 844 827 credo:

259 872 269 879 ·
293 882 342 888 -
367 881 414 887 -—
431 857 610 912 populos
624 857 762 899 nullis
786 856 915 899 UlLis
934 857 1124 899 aliarum
1144 863 1220 900 ete.
1245 882 1295 888 —
1315 857 1524 901 Vocabula
1538 857 1664 900 ullus

228 934 269 970 et
288 929 403 971 alius
429 927 632 970 confundi
663 927 783 971 docet
812 928 1020 971 Drakenb.
1050 928 1102 971 ad
1123 929 1206 972 Liv.
1240 930 1361 972 Tom.
1378 942 1419 984 p.
1435 929 1486 972 11.
1509 942 1550 984 p.
1570 928 1657 972 952

227 999 291 1041 ed.
325 999 443 1054 Belg.
477 1005 517 1041 et
554 1000 745 1054 exempla
772 1000 1013 1042 iunctorum
1047 1001 1344 1043 vocabulorum
1369 1001 1519 1044 nullus
1543 1000 1663 1044 ullus

226 1069 318 1112 vide
350 1083 414 1125 ap.
446 1070 604 1113 Forcel.
639 1071 682 1111 in
710 1084 744 1112 v.
777 1071 939 1113 nullus.
973 1069 1169 1113 Attamen
1200 1071 1322 1113 verba
1359 1084 1444 1113 non
1460 1076 1557 1113 sunt
1571 1084 1663 1126 pre-

227 1140 401 1194 menda,
437 1141 548 1195 quod
575 1146 742 1196 propter
772 1141 980 1183 Ritterum
1012 1141 1130 1184 addo.

284 1212 396 1255 Ibid.
429 1226 469 1267 p.
494 1212 599 1266 557,
615 1212 643 1255 l.
668 1212 709 1255 6.
727 1217 977 1268 assuerunt,
998 1212 1111 1268 quod
1132 1212 1177 1255 P.
1195 1212 1343 1268 habet,
1360 1211 1662 1268 recipiendum.

285 1283 384 1339 Cap.
420 1284 488 1325 Vl.
517 1297 556 1338 p·
589 1283 691 1326 559.
729 1285 772 1330 1.,
796 1286 838 1339 1,
865 1297 950 1326 non
987 1289 1073 1338 est,
1100 1284 1212 1338 quod
1234 1285 1444 1340 pluraque
1472 1284 1517 1326 P.
1546 1297 1661 1340 sper-

228 1369 405 1411 namus,
438 1362 499 1398 est
530 1356 836 1399 restituendum
871 1369 946 1411 pro
973 1357 1118 1412 phura.

286 1428 396 1471 Ibid.
429 1432 554 1484 atque
584 1428 841 1471 immensum
862 1433 975 1471 recte
1000 1428 1063 1483 P.;
1085 1427 1139 1471 cf.
1169 1428 1251 1471 loci
1281 1429 1332 1470 ab
1364 1428 1436 1471 Or.
1473 1429 1541 1471 all.
1580 1427 1663 1471 An.

227 1502 270 1554 5,
303 1502 375 1555 523
407 1502 451 1554 4,
487 1500 562 1555 403
591 1501 634 1555 6,
671 1501 746 1555 573
771 1501 855 1543 huc
890 1513 976 1542 non
1005 1500 1212 1555 quadrant
1229 1499 1309 1543 An.
1334 1502 1378 1554 5,
1397 1500 1455 1543 50
1472 1506 1513 1543 et
1529 1500 1662 1555 4,.27.

284 1571 396 1615 Ibid.
430 1572 458 1615 l.
494 1570 563 1614 10.
602 1571 728 1614 Recte
758 1570 830 1614 Or.
855 1584 929 1627 pro
955 1575 996 1613 et
1020 1572 1192 1627 quidem
1221 1570 1266 1613 P.
1299 1572 1460 1627 scripsit
1479 1576 1521 1613 et
1539 1572 1665 1627 quod,

226 1643 338 1686 idem
368 1634 555 1686 erratum
591 1645 712 1686 Tom.
748 1644 797 1686 ll.
836 1656 875 1697 p.
911 1643 985 1697 75,
1015 1643 1044 1685 l.
1079 1642 1105 1684 9
1141 1645 1184 1684 in
1210 1656 1237 1685 a
1262 1643 1305 1696 b,
1335 1643 1407 1684 sed
1428 1656 1533 1685 corr.
1557 1644 1602 1684 in
1622 1643 1662 1685 h.

287 1714 386 1773 Cap.
419 1715 505 1759 Vll.
533 1728 574 1771 p.
604 1715 709 1770 541,
735 1714 764 1758 l.
798 1715 823 1757 5
851 1714 977 1758 Recte
1013 1712 1083 1757 Or.
1112 1727 1164 1758 ex
1199 1713 1242 1759 P.
1280 1714 1456 1771 recepit:
1494 1713 1576 1757 Nnc
1594 1727 1664 1757 RE-

226 1799 333 1828 Gmus
378 1800 541 1830 mmmm
588 1785 699 1829 AUT
746 1798 884 1828 numu
921 1798 1111 1827 peresus,
1150 1785 1204 1828 cf.
1247 1785 1364 1827 Hand
1398 1786 1518 1829 Turs.
1551 1786 1583 1828 1.
1619 1799 1660 1840 p.

228 1847 342 1911 559,
365 1858 444 1900 Nm.
481 1859 521 1900 5.
559 1857 740 1899 Pessime
776 1858 906 1911 igitur
936 1856 1148 1898 Bekkerus
1173 1857 1408 1899 auctoribus
1440 1857 1603 1899 Mureto
1622 1862 1665 1899 et

225 1928 378 1972 Wolfio
418 1929 541 1971 verba
591 1934 693 1971 «aut
730 1927 960 1983 gaudium»
1000 1927 1083 1971 An.
1122 1929 1163 1982 1,
1194 1927 1249 1970 16
1282 1928 1478 1982 seclusit,
1513 1929 1665 1983 quippe

226 2012 409 2054 quorum
449 2000 653 2042 memoria
700 1998 872 2041 fortasse
922 2000 1096 2053 exisset,
1142 1998 1243 2053 quid
1273 2004 1348 2041 aut
1394 1999 1571 2052 valeret,
1606 1998 1663 2041 cf.

225 2083 406 2125 quoque.
439 2069 518 2112 An.
556 2071 627 2124 15,
663 2071 702 2111 1.

285 2142 397 2185 [hid.
425 2156 465 2197 p.
501 2143 604 2195 541,
636 2142 664 2183 l.
691 2142 732 2183 4.
777 2141 885 2182 Male
912 2140 982 2183 Or.
1002 2165 1051 2170 —-
1097 2140 1313 2182 «letiffl
1345 2141 1414 2182 ΕΤ
1445 2152 1664 2189 morinum-

226 2228 374 2256 TArsss.»
416 2214 600 2256 Omnino
632 2226 682 2255 ex
713 2212 757 2254 P.
772 2211 1058 2266 recipiendum
1080 2218 1165 2254 est:
1204 2235 1254 2241 —-
1285 2209 1663 2267 ‹1sam..AUT1n-o-

222 2286 342 2341 pinq.
381 2285 627 2340 «Etenim,»
668 2288 716 2326 ut
744 2283 878 2325 Hand.
911 2283 1031 2325 Turs.
1064 2283 1094 2326 1.
1125 2296 1168 2339 p.
1203 2283 1304 2326 555.
1337 2283 1387 2325 11.
1428 2283 1448 2324 1
1469 2282 1664 2338 ostendit,

235 2371 369 2412 «quae
394 2358 439 2398 in
469 2362 545 2399 aut
564 2380 614 2387 -
634 2360 710 2398 wat
745 2368 876 2410 aequa
891 2356 1007 2398 ¹ratio
1044 2355 1311 2410 conspicitur,
1347 2355 1392 2396 in
1425 2359 1501 2397 aut
1521 2355 1662 2410 iniqua

225 2432 307 2483 est,
338 2433 380 2470 et
405 2440 538 2483 quum
569 2428 614 2468 in
644 2426 813 2469 alterius
843 2426 984 2468 locum
1006 2426 1185 2468 alterum
1210 2426 1497 2480 substituatur,
1529 2430 1663 2481 potest

226 2498 330 2542 illud
364 2500 503 2554 ipsum
533 2511 608 2554 pro
638 2497 838 2553 primario
868 2497 1034 2552 haberi,
1066 2496 1179 2540 unde
1211 2496 1260 2539 fit
1290 2497 1537 2553 plerumque
1550 2496 1659 2538 ·.des-

227 2582 374 2612 census
404 2584 428 2611 a
459 2570 618 2612 maiore
649 2568 701 2610 ad
723 2569 877 2610 minus.
902 2566 1121 2623 Significat
1135 2573 1212 2610 aut
1232 2568 1406 2623 simplex
1421 2570 1522 2622 oder
1538 2565 1661 2618 auch,

228 2645 299 2681 aut
325 2641 495 2683 etiam.»
536 2640 614 2683 Ubi
651 2653 675 2680 a
704 2640 861 2681 maiore
889 2638 941 2680 ad
981 2639 1122 2681 minus
1154 2638 1374 2682 descensus
1404 2638 1480 2692 fit,
1525 2635 1661 2677 dicere

229 2711 408 2753 solemus
451 2713 549 2754 oder
597 2712 854 2764 weniqsceovs.
890 2709 969 2761 Qui
1007 2715 1047 2751 et
1081 2710 1351 2764 scripserunt,
1383 2707 1513 2749 Taciti
1548 2706 1659 2759 cogi-
1718 2707 1720 2710 '
