<?xml version="1.0" encoding="UTF-8"?>
<!DOCTYPE html PUBLIC "-//W3C//DTD XHTML 1.0 Transitional//EN"
    "http://www.w3.org/TR/xhtml1/DTD/xhtml1-transitional.dtd">
<html xmlns="http://www.w3.org/1999/xhtml" xml:lang="en" lang="en">
 <head>
  <title>
</title>
<meta http-equiv="Content-Type" content="text/html;charset=utf-8" />
  <meta name='ocr-system' content='tesseract 3.04.00' />
  <meta name='ocr-capabilities' content='ocr_page ocr_carea ocr_par ocr_line ocrx_word'/>
</head>
<body>
  <div class='ocr_page' id='page_1' title='image "4738103_0044.png"; bbox 0 0 1905 3135; ppageno 0'>
   <div class='ocr_carea' id='block_1_1' title="bbox 917 152 972 193">
    <p class='ocr_par' dir='ltr' id='par_1_1' title="bbox 917 152 972 193">
     <span class='ocr_line' id='line_1_1' title="bbox 917 152 972 193; baseline -0.018 0"><span class='ocrx_word' id='word_1_1' title='bbox 917 152 972 193; x_wconf 81' lang='lat'>55</span> 
     </span>
    </p>
   </div>
   <div class='ocr_carea' id='block_1_2' title="bbox 174 272 1664 2729">
    <p class='ocr_par' dir='ltr' id='par_1_2' title="bbox 223 272 1658 685">
     <span class='ocr_line' id='line_1_2' title="bbox 232 272 1655 328; baseline -0.003 -12"><span class='ocrx_word' id='word_1_2' title='bbox 232 274 335 316; x_wconf 70' lang='lat' dir='ltr'>odeo</span> <span class='ocrx_word' id='word_1_3' title='bbox 353 285 427 328; x_wconf 89' lang='lat' dir='ltr'>pro</span> <span class='ocrx_word' id='word_1_4' title='bbox 458 285 503 315; x_wconf 84' lang='lat' dir='ltr'>eo</span> <span class='ocrx_word' id='word_1_5' title='bbox 529 274 772 317; x_wconf 83' lang='lat' dir='ltr'>rescribere:</span> <span class='ocrx_word' id='word_1_6' title='bbox 802 272 873 314; x_wconf 89' lang='lat' dir='ltr'>sed</span> <span class='ocrx_word' id='word_1_7' title='bbox 910 272 1006 326; x_wconf 85' lang='lat' dir='ltr'>quia</span> <span class='ocrx_word' id='word_1_8' title='bbox 1023 282 1120 312; x_wconf 84' lang='lat' dir='ltr'>sana</span> <span class='ocrx_word' id='word_1_9' title='bbox 1136 276 1232 312; x_wconf 88' lang='lat' dir='ltr'>sunt</span> <span class='ocrx_word' id='word_1_10' title='bbox 1254 272 1410 325; x_wconf 83' lang='lat' dir='ltr'>omina,</span> <span class='ocrx_word' id='word_1_11' title='bbox 1427 272 1655 312; x_wconf 73' lang='lat' dir='ltr'>mutatione</span> 
     </span>
     <span class='ocr_line' id='line_1_3' title="bbox 234 340 1657 399; baseline -0.001 -15"><span class='ocrx_word' id='word_1_12' title='bbox 234 355 318 386; x_wconf 89' lang='lat' dir='ltr'>non</span> <span class='ocrx_word' id='word_1_13' title='bbox 363 356 465 398; x_wconf 92' lang='lat' dir='ltr'>opus</span> <span class='ocrx_word' id='word_1_14' title='bbox 504 350 575 387; x_wconf 88' lang='lat' dir='ltr'>est.</span> <span class='ocrx_word' id='word_1_15' title='bbox 608 346 742 399; x_wconf 78' lang='lat' dir='ltr'>Iunge</span> <span class='ocrx_word' id='word_1_16' title='bbox 772 348 814 384; x_wconf 88' lang='lat' dir='ltr'>et</span> <span class='ocrx_word' id='word_1_17' title='bbox 864 341 1022 396; x_wconf 83' lang='lat' dir='ltr'>explica</span> <span class='ocrx_word' id='word_1_18' title='bbox 1067 340 1421 395; x_wconf 86' lang='lat' dir='ltr'>....contenderes,</span> <span class='ocrx_word' id='word_1_19' title='bbox 1478 343 1657 396; x_wconf 82' lang='lat' dir='ltr'><strong>antiquis</strong></span> 
     </span>
     <span class='ocr_line' id='line_1_4' title="bbox 236 412 1653 470; baseline -0.001 -14"><span class='ocrx_word' id='word_1_20' title='bbox 236 414 279 468; x_wconf 90' lang='lat' dir='ltr'>(i.</span> <span class='ocrx_word' id='word_1_21' title='bbox 314 427 349 457; x_wconf 85' lang='lat' dir='ltr'>e.</span> <span class='ocrx_word' id='word_1_22' title='bbox 384 428 509 470; x_wconf 86' lang='lat' dir='ltr'>quam</span> <span class='ocrx_word' id='word_1_23' title='bbox 526 415 717 470; x_wconf 85' lang='lat' dir='ltr'>antiqui)</span> <span class='ocrx_word' id='word_1_24' title='bbox 759 427 809 456; x_wconf 86' lang='lat' dir='ltr'>eo</span> <span class='ocrx_word' id='word_1_25' title='bbox 842 413 898 466; x_wconf 87' lang='lat'>(=</span> <span class='ocrx_word' id='word_1_26' title='bbox 911 412 1160 469; x_wconf 85' lang='lat' dir='ltr'>propterea),</span> <span class='ocrx_word' id='word_1_27' title='bbox 1190 412 1339 467; x_wconf 87' lang='lat' dir='ltr'>credo,</span> <span class='ocrx_word' id='word_1_28' title='bbox 1372 412 1567 455; x_wconf 86' lang='lat' dir='ltr'>audacius</span> <span class='ocrx_word' id='word_1_29' title='bbox 1598 427 1653 455; x_wconf 87' lang='lat' dir='ltr'>sc.</span> 
     </span>
     <span class='ocr_line' id='line_1_5' title="bbox 234 483 1657 542; baseline -0.001 -15"><span class='ocrx_word' id='word_1_30' title='bbox 234 486 525 542; x_wconf 79' lang='lat' dir='ltr'>contenderes,</span> <span class='ocrx_word' id='word_1_31' title='bbox 574 485 687 541; x_wconf 91' lang='lat' dir='ltr'>quod</span> <span class='ocrx_word' id='word_1_32' title='bbox 731 490 809 526; x_wconf 89' lang='lat' dir='ltr'>etc.</span> <span class='ocrx_word' id='word_1_33' title='bbox 845 483 1057 528; x_wconf 83' lang='lat' dir='ltr'>Sententia</span> <span class='ocrx_word' id='word_1_34' title='bbox 1088 489 1169 526; x_wconf 87' lang='lat' dir='ltr'>est:</span> <span class='ocrx_word' id='word_1_35' title='bbox 1203 485 1285 526; x_wconf 88' lang='lat' dir='ltr'>tale</span> <span class='ocrx_word' id='word_1_36' title='bbox 1314 484 1435 538; x_wconf 89' lang='lat' dir='ltr'>quid,</span> <span class='ocrx_word' id='word_1_37' title='bbox 1462 485 1582 538; x_wconf 86' lang='lat' dir='ltr'>quale</span> <span class='ocrx_word' id='word_1_38' title='bbox 1611 491 1657 525; x_wconf 89' lang='lat' dir='ltr'>tu</span> 
     </span>
     <span class='ocr_line' id='line_1_6' title="bbox 223 551 1658 611; baseline -0.001 -12"><span class='ocrx_word' id='word_1_39' title='bbox 223 551 346 601; x_wconf 74' lang='lat' dir='ltr'>&#39;nunc</span> <span class='ocrx_word' id='word_1_40' title='bbox 393 559 603 601; x_wconf 88' lang='lat' dir='ltr'>affirmare</span> <span class='ocrx_word' id='word_1_41' title='bbox 629 569 752 599; x_wconf 84' lang='lat' dir='ltr'>ausus</span> <span class='ocrx_word' id='word_1_42' title='bbox 782 551 847 611; x_wconf 73' lang='lat' dir='ltr'>eS,</span> <span class='ocrx_word' id='word_1_43' title='bbox 887 568 1106 611; x_wconf 84' lang='lat' dir='ltr'>nunquam</span> <span class='ocrx_word' id='word_1_44' title='bbox 1135 556 1293 610; x_wconf 83' lang='lat' dir='ltr'>antiqui</span> <span class='ocrx_word' id='word_1_45' title='bbox 1325 556 1369 597; x_wconf 92' lang='lat' dir='ltr'>in</span> <span class='ocrx_word' id='word_1_46' title='bbox 1406 568 1475 609; x_wconf 86' lang='lat' dir='ltr'>ea,</span> <span class='ocrx_word' id='word_1_47' title='bbox 1499 569 1580 610; x_wconf 89' lang='lat' dir='ltr'>qua</span> <span class='ocrx_word' id='word_1_48' title='bbox 1612 561 1658 597; x_wconf 88' lang='lat' dir='ltr'>tu</span> 
     </span>
     <span class='ocr_line' id='line_1_7' title="bbox 234 627 1153 685; baseline -0.003 -13"><span class='ocrx_word' id='word_1_49' title='bbox 234 642 298 685; x_wconf 85' lang='lat' dir='ltr'>es,</span> <span class='ocrx_word' id='word_1_50' title='bbox 328 630 570 673; x_wconf 88' lang='lat' dir='ltr'>condicione</span> <span class='ocrx_word' id='word_1_51' title='bbox 600 632 805 670; x_wconf 87' lang='lat' dir='ltr'>versantes</span> <span class='ocrx_word' id='word_1_52' title='bbox 834 627 1153 671; x_wconf 82' lang='lat' dir='ltr'>contendissent.</span> 
     </span>
    </p>

    <p class='ocr_par' dir='ltr' id='par_1_3' title="bbox 233 698 1657 816">
     <span class='ocr_line' id='line_1_8' title="bbox 295 698 1657 757; baseline -0.004 -13"><span class='ocrx_word' id='word_1_53' title='bbox 295 701 391 757; x_wconf 80' lang='lat' dir='ltr'>Gap.</span> <span class='ocrx_word' id='word_1_54' title='bbox 438 700 557 743; x_wconf 82' lang='lat' dir='ltr'>xvn-</span> <span class='ocrx_word' id='word_1_55' title='bbox 590 713 630 754; x_wconf 89' lang='lat' dir='ltr'>p.</span> <span class='ocrx_word' id='word_1_56' title='bbox 668 699 778 754; x_wconf 70' lang='lat'>484,</span> <span class='ocrx_word' id='word_1_57' title='bbox 812 700 840 742; x_wconf 94' lang='lat' dir='ltr'>l.</span> <span class='ocrx_word' id='word_1_58' title='bbox 882 698 965 753; x_wconf 77' lang='lat'>163</span> <span class='ocrx_word' id='word_1_59' title='bbox 992 699 1102 742; x_wconf 87' lang='lat' dir='ltr'>male</span> <span class='ocrx_word' id='word_1_60' title='bbox 1132 698 1202 742; x_wconf 93' lang='lat' dir='ltr'>Or.</span> <span class='ocrx_word' id='word_1_61' title='bbox 1236 699 1365 740; x_wconf 74' lang='lat' dir='ltr'>illum</span> <span class='ocrx_word' id='word_1_62' title='bbox 1394 699 1555 752; x_wconf 88' lang='lat' dir='ltr'>scripsit</span> <span class='ocrx_word' id='word_1_63' title='bbox 1585 711 1657 752; x_wconf 90' lang='lat' dir='ltr'>pro</span> 
     </span>
     <span class='ocr_line' id='line_1_9' title="bbox 233 770 435 816; baseline -0.005 -3"><span class='ocrx_word' id='word_1_64' title='bbox 233 774 360 816; x_wconf 90' lang='lat' dir='ltr'>istum</span> <span class='ocrx_word' id='word_1_65' title='bbox 391 770 435 813; x_wconf 91' lang='lat' dir='ltr'>P.</span> 
     </span>
    </p>

    <p class='ocr_par' dir='ltr' id='par_1_4' title="bbox 230 839 1660 1036">
     <span class='ocr_line' id='line_1_10' title="bbox 292 839 1660 895; baseline -0.001 -13"><span class='ocrx_word' id='word_1_66' title='bbox 292 841 404 884; x_wconf 77' lang='lat' dir='ltr'>thid.</span> <span class='ocrx_word' id='word_1_67' title='bbox 435 855 475 895; x_wconf 93' lang='lat' dir='ltr'>p.</span> <span class='ocrx_word' id='word_1_68' title='bbox 518 841 632 895; x_wconf 69' lang='lat'>485,</span> <span class='ocrx_word' id='word_1_69' title='bbox 672 842 699 884; x_wconf 91' lang='lat' dir='ltr'>l.</span> <span class='ocrx_word' id='word_1_70' title='bbox 734 841 789 894; x_wconf 90' lang='lat'>8,</span> <span class='ocrx_word' id='word_1_71' title='bbox 822 860 894 882; x_wconf 75' lang='grc' dir='ltr'><strong>α...</strong></span> <span class='ocrx_word' id='word_1_72' title='bbox 926 854 1020 882; x_wconf 73' lang='lat' dir='ltr'>imm</span> <span class='ocrx_word' id='word_1_73' title='bbox 1072 840 1277 884; x_wconf 71' lang='lat' dir='ltr'>CAESAREM</span> <span class='ocrx_word' id='word_1_74' title='bbox 1300 845 1405 881; x_wconf 77' lang='lat' dir='ltr'>etc.»</span> <span class='ocrx_word' id='word_1_75' title='bbox 1447 845 1488 881; x_wconf 87' lang='lat' dir='ltr'>at</span> <span class='ocrx_word' id='word_1_76' title='bbox 1519 839 1562 881; x_wconf 87' lang='lat' dir='ltr'>P.</span> <span class='ocrx_word' id='word_1_77' title='bbox 1585 839 1660 880; x_wconf 84' lang='lat' dir='ltr'>ha-</span> 
     </span>
     <span class='ocr_line' id='line_1_11' title="bbox 231 908 1657 967; baseline -0.003 -13"><span class='ocrx_word' id='word_1_78' title='bbox 231 912 301 954; x_wconf 86' lang='lat' dir='ltr'>bet</span> <span class='ocrx_word' id='word_1_79' title='bbox 346 916 387 954; x_wconf 82' lang='lat' dir='ltr'>et</span> <span class='ocrx_word' id='word_1_80' title='bbox 420 910 615 967; x_wconf 78' lang='lat' dir='ltr'>quidem,</span> <span class='ocrx_word' id='word_1_81' title='bbox 660 924 740 966; x_wconf 82' lang='lat' dir='ltr'>ego</span> <span class='ocrx_word' id='word_1_82' title='bbox 769 910 942 953; x_wconf 86' lang='lat' dir='ltr'>credens</span> <span class='ocrx_word' id='word_1_83' title='bbox 970 910 1040 953; x_wconf 80' lang='lat' dir='ltr'>hic</span> <span class='ocrx_word' id='word_1_84' title='bbox 1067 909 1263 952; x_wconf 88' lang='lat' dir='ltr'>excidisse</span> <span class='ocrx_word' id='word_1_85' title='bbox 1291 910 1468 951; x_wconf 87' lang='lat' dir='ltr'>rescribo</span> <span class='ocrx_word' id='word_1_86' title='bbox 1498 914 1540 950; x_wconf 80' lang='lat' dir='ltr'>et</span> <span class='ocrx_word' id='word_1_87' title='bbox 1568 908 1657 950; x_wconf 84' lang='lat' dir='ltr'>HIC</span> 
     </span>
     <span class='ocr_line' id='line_1_12' title="bbox 230 983 412 1036; baseline 0.005 -12"><span class='ocrx_word' id='word_1_88' title='bbox 230 983 412 1036; x_wconf 73' lang='lat' dir='ltr'>quidem.</span> 
     </span>
    </p>

    <p class='ocr_par' dir='ltr' id='par_1_5' title="bbox 195 1048 1659 1177">
     <span class='ocr_line' id='line_1_13' title="bbox 195 1048 1659 1110; baseline -0.004 -15"><span class='ocrx_word' id='word_1_89' title='bbox 195 1107 198 1110; x_wconf 22' lang='grc' dir='ltr'>Ι</span> <span class='ocrx_word' id='word_1_90' title='bbox 292 1051 403 1095; x_wconf 77' lang='lat' dir='ltr'>Ibid.</span> <span class='ocrx_word' id='word_1_91' title='bbox 439 1052 468 1094; x_wconf 86' lang='grc'>1.</span> <span class='ocrx_word' id='word_1_92' title='bbox 510 1053 581 1107; x_wconf 78' lang='lat'>15,</span> <span class='ocrx_word' id='word_1_93' title='bbox 601 1051 714 1094; x_wconf 89' lang='lat' dir='ltr'>male·</span> <span class='ocrx_word' id='word_1_94' title='bbox 726 1050 877 1095; x_wconf 85' lang='lat' dir='ltr'>walth.</span> <span class='ocrx_word' id='word_1_95' title='bbox 912 1055 954 1093; x_wconf 84' lang='lat' dir='ltr'>et</span> <span class='ocrx_word' id='word_1_96' title='bbox 969 1050 1040 1093; x_wconf 90' lang='lat' dir='ltr'>Or.</span> <span class='ocrx_word' id='word_1_97' title='bbox 1057 1055 1261 1106; x_wconf 88' lang='lat' dir='ltr'>punctum</span> <span class='ocrx_word' id='word_1_98' title='bbox 1278 1054 1439 1104; x_wconf 90' lang='lat' dir='ltr'>ponunt</span> <span class='ocrx_word' id='word_1_99' title='bbox 1468 1054 1559 1104; x_wconf 90' lang='lat' dir='ltr'>post</span> <span class='ocrx_word' id='word_1_100' title='bbox 1585 1048 1659 1089; x_wconf 89' lang='lat' dir='ltr'>du-</span> 
     </span>
     <span class='ocr_line' id='line_1_14' title="bbox 232 1124 987 1177; baseline 0.001 -13"><span class='ocrx_word' id='word_1_101' title='bbox 232 1124 357 1177; x_wconf 86' lang='lat' dir='ltr'>ravit,</span> <span class='ocrx_word' id='word_1_102' title='bbox 386 1124 611 1166; x_wconf 90' lang='lat' dir='ltr'>semicolon</span> <span class='ocrx_word' id='word_1_103' title='bbox 641 1124 693 1165; x_wconf 90' lang='lat' dir='ltr'>sit</span> <span class='ocrx_word' id='word_1_104' title='bbox 719 1135 884 1165; x_wconf 86' lang='lat' dir='ltr'>neeesse</span> <span class='ocrx_word' id='word_1_105' title='bbox 913 1128 987 1165; x_wconf 89' lang='lat' dir='ltr'>est.</span> 
     </span>
    </p>

    <p class='ocr_par' dir='ltr' id='par_1_6' title="bbox 292 1192 1200 1248">
     <span class='ocr_line' id='line_1_15' title="bbox 292 1192 1200 1248; baseline -0.003 -13"><span class='ocrx_word' id='word_1_106' title='bbox 292 1192 539 1235; x_wconf 88' lang='lat' dir='ltr'>Accedimus</span> <span class='ocrx_word' id='word_1_107' title='bbox 565 1193 616 1235; x_wconf 89' lang='lat' dir='ltr'>ad</span> <span class='ocrx_word' id='word_1_108' title='bbox 646 1194 788 1236; x_wconf 92' lang='lat' dir='ltr'>locum</span> <span class='ocrx_word' id='word_1_109' title='bbox 816 1194 1200 1248; x_wconf 84' lang='lat' dir='ltr'>corruptissimum:</span> 
     </span>
    </p>

    <p class='ocr_par' dir='ltr' id='par_1_7' title="bbox 174 1262 1664 2598">
     <span class='ocr_line' id='line_1_16' title="bbox 293 1262 1659 1317; baseline -0.002 -12"><span class='ocrx_word' id='word_1_110' title='bbox 293 1263 391 1317; x_wconf 86' lang='lat' dir='ltr'>Cap.</span> <span class='ocrx_word' id='word_1_111' title='bbox 439 1263 539 1305; x_wconf 88' lang='lat' dir='ltr'>XIX.</span> <span class='ocrx_word' id='word_1_112' title='bbox 573 1277 613 1317; x_wconf 87' lang='lat' dir='ltr'>p.</span> <span class='ocrx_word' id='word_1_113' title='bbox 648 1262 753 1317; x_wconf 72' lang='lat'>487,</span> <span class='ocrx_word' id='word_1_114' title='bbox 783 1263 811 1304; x_wconf 96' lang='lat' dir='ltr'>l.</span> <span class='ocrx_word' id='word_1_115' title='bbox 848 1262 928 1305; x_wconf 81' lang='lat'>10:</span> <span class='ocrx_word' id='word_1_116' title='bbox 966 1263 1057 1304; x_wconf 68' lang='grc' dir='ltr'>ΝΛΜ</span> <span class='ocrx_word' id='word_1_117' title='bbox 1094 1275 1284 1310; x_wconf 70' lang='lat' dir='ltr'>oum-arms</span> <span class='ocrx_word' id='word_1_118' title='bbox 1314 1274 1557 1309; x_wconf 71' lang='lat' dir='ltr'>ANriouonun</span> <span class='ocrx_word' id='word_1_119' title='bbox 1592 1275 1659 1302; x_wconf 76' lang='lat' dir='ltr'>AD-</span> 
     </span>
     <span class='ocr_line' id='line_1_17' title="bbox 235 1345 1661 1382; baseline -0.002 -6"><span class='ocrx_word' id='word_1_120' title='bbox 235 1346 450 1377; x_wconf 66' lang='lat' dir='ltr'>mnaromzs</span> <span class='ocrx_word' id='word_1_121' title='bbox 495 1346 594 1375; x_wconf 70' lang='lat' dir='ltr'>nunc</span> <span class='ocrx_word' id='word_1_122' title='bbox 639 1346 756 1376; x_wconf 65' lang='lat' dir='ltr'>vaur</span> <span class='ocrx_word' id='word_1_123' title='bbox 802 1346 1003 1378; x_wconf 73' lang='lat' dir='ltr'>Tnnmmum</span> <span class='ocrx_word' id='word_1_124' title='bbox 1033 1346 1286 1382; x_wconf 66' lang='lat' dir='ltr'>Amiculum</span> <span class='ocrx_word' id='word_1_125' title='bbox 1316 1345 1567 1375; x_wconf 71' lang='lat' dir='ltr'>consuram</span> <span class='ocrx_word' id='word_1_126' title='bbox 1600 1345 1661 1373; x_wconf 92' lang='lat' dir='ltr'>so-</span> 
     </span>
     <span class='ocr_line' id='line_1_18' title="bbox 236 1415 1660 1458; baseline 0.001 -14"><span class='ocrx_word' id='word_1_127' title='bbox 236 1416 357 1458; x_wconf 60' lang='lat' dir='ltr'>nui-r,</span> <span class='ocrx_word' id='word_1_128' title='bbox 388 1416 494 1453; x_wconf 65' lang='lat' dir='ltr'>ouen</span> <span class='ocrx_word' id='word_1_129' title='bbox 538 1416 654 1451; x_wconf 65' lang='lat' dir='ltr'>usone</span> <span class='ocrx_word' id='word_1_130' title='bbox 684 1417 734 1445; x_wconf 68' lang='lat' dir='ltr'>Ao</span> <span class='ocrx_word' id='word_1_131' title='bbox 765 1416 920 1447; x_wconf 63' lang='lat' dir='ltr'>cassum</span> <span class='ocrx_word' id='word_1_132' title='bbox 950 1417 1123 1445; x_wconf 71' lang='lat' dir='ltr'>snvssnnm</span> <span class='ocrx_word' id='word_1_133' title='bbox 1153 1416 1335 1456; x_wconf 66' lang='lat' dir='ltr'>nomm,</span> <span class='ocrx_word' id='word_1_134' title='bbox 1366 1415 1471 1451; x_wconf 71' lang='lat' dir='ltr'>oum</span> <span class='ocrx_word' id='word_1_135' title='bbox 1511 1415 1660 1445; x_wconf 69' lang='lat' dir='ltr'>ramum</span> 
     </span>
     <span class='ocr_line' id='line_1_19' title="bbox 234 1458 1659 1527; baseline -0.001 -11"><span class='ocrx_word' id='word_1_136' title='bbox 234 1471 447 1517; x_wconf 63' lang='lat' dir='ltr'>arrianam·</span> <span class='ocrx_word' id='word_1_137' title='bbox 488 1488 660 1516; x_wconf 66' lang='lat' dir='ltr'>unxisse</span> <span class='ocrx_word' id='word_1_138' title='bbox 690 1488 738 1516; x_wconf 77' lang='lat' dir='ltr'>AB</span> <span class='ocrx_word' id='word_1_139' title='bbox 767 1488 852 1516; x_wconf 75' lang='lat' dir='ltr'>ILLA</span> <span class='ocrx_word' id='word_1_140' title='bbox 881 1487 1027 1517; x_wconf 66' lang='lat' dir='ltr'>verum:</span> <span class='ocrx_word' id='word_1_141' title='bbox 1051 1487 1171 1523; x_wconf 64' lang='lat' dir='ltr'>Aroma</span> <span class='ocrx_word' id='word_1_142' title='bbox 1203 1486 1355 1517; x_wconf 71' lang='lat' dir='ltr'>mcmm</span> <span class='ocrx_word' id='word_1_143' title='bbox 1384 1486 1542 1516; x_wconf 70' lang='lat' dir='ltr'>nirsscn</span> <span class='ocrx_word' id='word_1_144' title='bbox 1571 1458 1659 1527; x_wconf 61' lang='lat' dir='ltr'>vus,</span> 
     </span>
     <span class='ocr_line' id='line_1_20' title="bbox 234 1545 1658 1607; baseline -0.001 -20"><span class='ocrx_word' id='word_1_145' title='bbox 234 1557 309 1587; x_wconf 75' lang='grc' dir='ltr'>ΝοΝ</span> <span class='ocrx_word' id='word_1_146' title='bbox 338 1557 579 1587; x_wconf 67' lang='lat' dir='ltr'>mmmmm</span> <span class='ocrx_word' id='word_1_147' title='bbox 610 1557 752 1587; x_wconf 73' lang='lat' dir='ltr'>monim</span> <span class='ocrx_word' id='word_1_148' title='bbox 784 1549 862 1587; x_wconf 90' lang='lat' dir='ltr'>etc.</span> <span class='ocrx_word' id='word_1_149' title='bbox 895 1545 1172 1600; x_wconf 88' lang='lat' dir='ltr'>Interpretum</span> <span class='ocrx_word' id='word_1_150' title='bbox 1203 1546 1464 1607; x_wconf 66' lang='lat' dir='ltr'>coniecturas</span> <span class='ocrx_word' id='word_1_151' title='bbox 1475 1549 1517 1586; x_wconf 88' lang='lat' dir='ltr'>et</span> <span class='ocrx_word' id='word_1_152' title='bbox 1532 1545 1658 1599; x_wconf 82' lang='lat' dir='ltr'>expli-</span> 
     </span>
     <span class='ocr_line' id='line_1_21' title="bbox 234 1609 1660 1670; baseline -0.001 -12"><span class='ocrx_word' id='word_1_153' title='bbox 234 1616 414 1658; x_wconf 87' lang='lat' dir='ltr'>cationes</span> <span class='ocrx_word' id='word_1_154' title='bbox 453 1614 545 1657; x_wconf 90' lang='lat' dir='ltr'>vide</span> <span class='ocrx_word' id='word_1_155' title='bbox 589 1615 698 1670; x_wconf 92' lang='lat' dir='ltr'>apud</span> <span class='ocrx_word' id='word_1_156' title='bbox 742 1615 894 1658; x_wconf 90' lang='lat' dir='ltr'>Walth.</span> <span class='ocrx_word' id='word_1_157' title='bbox 928 1629 965 1660; x_wconf 85' lang='lat' dir='ltr'>a.</span> <span class='ocrx_word' id='word_1_158' title='bbox 996 1615 1040 1658; x_wconf 88' lang='lat' dir='ltr'>h.</span> <span class='ocrx_word' id='word_1_159' title='bbox 1078 1616 1107 1658; x_wconf 89' lang='lat' dir='ltr'>l.</span> <span class='ocrx_word' id='word_1_160' title='bbox 1141 1615 1251 1669; x_wconf 86' lang='lat' dir='ltr'>Quid</span> <span class='ocrx_word' id='word_1_161' title='bbox 1285 1616 1330 1657; x_wconf 84' lang='lat' dir='ltr'>P.</span> <span class='ocrx_word' id='word_1_162' title='bbox 1367 1609 1518 1670; x_wconf 74' lang='lat' dir='ltr'>habet,</span> <span class='ocrx_word' id='word_1_163' title='bbox 1550 1614 1660 1657; x_wconf 88' lang='lat' dir='ltr'>vide—</span> 
     </span>
     <span class='ocr_line' id='line_1_22' title="bbox 234 1687 1662 1743; baseline 0.001 -16"><span class='ocrx_word' id='word_1_164' title='bbox 234 1699 375 1728; x_wconf 83' lang='lat' dir='ltr'>amus:</span> <span class='ocrx_word' id='word_1_165' title='bbox 409 1700 483 1741; x_wconf 91' lang='lat' dir='ltr'>pro</span> <span class='ocrx_word' id='word_1_166' title='bbox 512 1699 636 1741; x_wconf 82' lang='lat' dir='ltr'>quem</span> <span class='ocrx_word' id='word_1_167' title='bbox 665 1700 795 1742; x_wconf 77' lang='lat' dir='ltr'>usque</span> <span class='ocrx_word' id='word_1_168' title='bbox 835 1687 867 1728; x_wconf 88' lang='lat' dir='ltr'>P</span> <span class='ocrx_word' id='word_1_169' title='bbox 887 1699 914 1743; x_wconf 86' lang='lat' dir='ltr'><em>q</em></span> <span class='ocrx_word' id='word_1_170' title='bbox 943 1699 1096 1742; x_wconf 75' lang='lat' dir='ltr'>usque,</span> <span class='ocrx_word' id='word_1_171' title='bbox 1114 1688 1270 1743; x_wconf 80' lang='lat' dir='ltr'>priusq</span> <span class='ocrx_word' id='word_1_172' title='bbox 1286 1700 1385 1729; x_wconf 92' lang='lat' dir='ltr'>cum</span> <span class='ocrx_word' id='word_1_173' title='bbox 1399 1688 1509 1729; x_wconf 88' lang='lat' dir='ltr'>linea</span> <span class='ocrx_word' id='word_1_174' title='bbox 1530 1692 1662 1729; x_wconf 86' lang='lat' dir='ltr'>trans-</span> 
     </span>
     <span class='ocr_line' id='line_1_23' title="bbox 234 1756 1661 1813; baseline 0.001 -15"><span class='ocrx_word' id='word_1_175' title='bbox 234 1771 348 1801; x_wconf 83' lang='lat' dir='ltr'>versa</span> <span class='ocrx_word' id='word_1_176' title='bbox 390 1757 609 1812; x_wconf 87' lang='lat' dir='ltr'>eidemque</span> <span class='ocrx_word' id='word_1_177' title='bbox 658 1771 857 1812; x_wconf 89' lang='lat' dir='ltr'>superscr.</span> <span class='ocrx_word' id='word_1_178' title='bbox 903 1772 987 1812; x_wconf 76' lang='lat' dir='ltr'>an3</span> <span class='ocrx_word' id='word_1_179' title='bbox 1020 1758 1210 1801; x_wconf 80' lang='lat' dir='ltr'>Cassium</span> <span class='ocrx_word' id='word_1_180' title='bbox 1244 1757 1446 1801; x_wconf 77' lang='lat' dir='ltr'>Severum</span> <span class='ocrx_word' id='word_1_181' title='bbox 1464 1756 1661 1813; x_wconf 75' lang='lat' dir='ltr'>facium,</span> 
     </span>
     <span class='ocr_line' id='line_1_24' title="bbox 234 1828 1662 1885; baseline 0 -15"><span class='ocrx_word' id='word_1_182' title='bbox 234 1828 278 1871; x_wconf 88' lang='lat' dir='ltr'>P.</span> <span class='ocrx_word' id='word_1_183' title='bbox 321 1828 510 1872; x_wconf 80' lang='lat' dir='ltr'>Cassium</span> <span class='ocrx_word' id='word_1_184' title='bbox 553 1842 677 1885; x_wconf 81' lang='lat' dir='ltr'>quem</span> <span class='ocrx_word' id='word_1_185' title='bbox 705 1842 826 1871; x_wconf 76' lang='lat' dir='ltr'>reum</span> <span class='ocrx_word' id='word_1_186' title='bbox 853 1828 1025 1883; x_wconf 68' lang='lat' dir='ltr'>faciaemt</span> <span class='ocrx_word' id='word_1_187' title='bbox 1057 1842 1194 1885; x_wconf 80' lang='lat' dir='ltr'>quem.</span> <span class='ocrx_word' id='word_1_188' title='bbox 1242 1830 1456 1872; x_wconf 82' lang='lat' dir='ltr'>«Correxit</span> <span class='ocrx_word' id='word_1_189' title='bbox 1487 1829 1554 1884; x_wconf 71' lang='grc' dir='ltr'>(ῑῖ)</span> <span class='ocrx_word' id='word_1_190' title='bbox 1583 1829 1662 1870; x_wconf 91' lang='lat' dir='ltr'>Pu-</span> 
     </span>
     <span class='ocr_line' id='line_1_25' title="bbox 233 1900 1662 1956; baseline 0 -14"><span class='ocrx_word' id='word_1_191' title='bbox 233 1902 358 1944; x_wconf 82' lang='lat' dir='ltr'>teol.»</span> <span class='ocrx_word' id='word_1_192' title='bbox 403 1900 472 1944; x_wconf 88' lang='lat' dir='ltr'>Or.</span> <span class='ocrx_word' id='word_1_193' title='bbox 494 1900 691 1944; x_wconf 87' lang='lat' dir='ltr'>Codicem</span> <span class='ocrx_word' id='word_1_194' title='bbox 726 1902 931 1956; x_wconf 89' lang='lat' dir='ltr'>optimum</span> <span class='ocrx_word' id='word_1_195' title='bbox 963 1914 1139 1956; x_wconf 90' lang='lat' dir='ltr'>sequens</span> <span class='ocrx_word' id='word_1_196' title='bbox 1173 1906 1310 1944; x_wconf 83' lang='lat' dir='ltr'>totum</span> <span class='ocrx_word' id='word_1_197' title='bbox 1340 1902 1481 1945; x_wconf 90' lang='lat' dir='ltr'>locum</span> <span class='ocrx_word' id='word_1_198' title='bbox 1505 1902 1564 1944; x_wconf 90' lang='lat' dir='ltr'>sic</span> <span class='ocrx_word' id='word_1_199' title='bbox 1583 1914 1662 1943; x_wconf 89' lang='lat' dir='ltr'>res-</span> 
     </span>
     <span class='ocr_line' id='line_1_26' title="bbox 230 1971 1662 2030; baseline 0 -16"><span class='ocrx_word' id='word_1_200' title='bbox 230 1972 370 2016; x_wconf 86' lang='lat' dir='ltr'>cribo:</span> <span class='ocrx_word' id='word_1_201' title='bbox 413 1973 538 2026; x_wconf 83' lang='lat' dir='ltr'>Jam,</span> <span class='ocrx_word' id='word_1_202' title='bbox 577 1978 785 2028; x_wconf 76' lang='lat' dir='ltr'>quatenus</span> <span class='ocrx_word' id='word_1_203' title='bbox 788 2005 861 2017; x_wconf 83' lang='lat'>.....</span> <span class='ocrx_word' id='word_1_204' title='bbox 893 1973 1051 2027; x_wconf 77' lang='lat' dir='ltr'>solent,</span> <span class='ocrx_word' id='word_1_205' title='bbox 1082 1971 1187 2017; x_wconf 86' lang='lat' dir='ltr'>EGO</span> <span class='ocrx_word' id='word_1_206' title='bbox 1217 1972 1567 2030; x_wconf 75' lang='lat' dir='ltr'>usqueQUAQUE</span> <span class='ocrx_word' id='word_1_207' title='bbox 1594 1973 1662 2014; x_wconf 89' lang='lat' dir='ltr'>ET</span> 
     </span>
     <span class='ocr_line' id='line_1_27' title="bbox 234 2043 1663 2100; baseline 0.001 -16"><span class='ocrx_word' id='word_1_208' title='bbox 234 2043 448 2097; x_wconf 89' lang='lat' dir='ltr'>Cassium,</span> <span class='ocrx_word' id='word_1_209' title='bbox 468 2056 595 2098; x_wconf 89' lang='lat' dir='ltr'>quem</span> <span class='ocrx_word' id='word_1_210' title='bbox 624 2057 745 2086; x_wconf 87' lang='lat' dir='ltr'>reum</span> <span class='ocrx_word' id='word_1_211' title='bbox 780 2043 966 2098; x_wconf 84' lang='lat' dir='ltr'>faciunt,</span> <span class='ocrx_word' id='word_1_212' title='bbox 991 2057 1117 2098; x_wconf 91' lang='lat' dir='ltr'>quem</span> <span class='ocrx_word' id='word_1_213' title='bbox 1132 2045 1318 2100; x_wconf 88' lang='lat' dir='ltr'>primum</span> <span class='ocrx_word' id='word_1_214' title='bbox 1333 2049 1411 2086; x_wconf 89' lang='lat' dir='ltr'>etc.</span> <span class='ocrx_word' id='word_1_215' title='bbox 1428 2044 1549 2098; x_wconf 74' lang='lat' dir='ltr'>Jam5</span> <span class='ocrx_word' id='word_1_216' title='bbox 1563 2057 1663 2086; x_wconf 76' lang='lat' dir='ltr'>nam</span> 
     </span>
     <span class='ocr_line' id='line_1_28' title="bbox 229 2105 1660 2171; baseline 0.001 -16"><span class='ocrx_word' id='word_1_217' title='bbox 229 2112 399 2163; x_wconf 74' lang='lat' dir='ltr'>etiam</span> <span class='ocrx_word' id='word_1_218' title='bbox 439 2128 558 2171; x_wconf 85' lang='lat' dir='ltr'>saepe</span> <span class='ocrx_word' id='word_1_219' title='bbox 595 2113 935 2170; x_wconf 71' lang='lat' dir='ltr'>confunduntur,</span> <span class='ocrx_word' id='word_1_220' title='bbox 975 2105 1198 2158; x_wconf 43' lang='lat' dir='ltr'>sic&#39;Tom.</span> <span class='ocrx_word' id='word_1_221' title='bbox 1237 2115 1267 2158; x_wconf 89' lang='grc' dir='ltr'>Ι.</span> <span class='ocrx_word' id='word_1_222' title='bbox 1309 2129 1348 2170; x_wconf 92' lang='lat' dir='ltr'>p.</span> <span class='ocrx_word' id='word_1_223' title='bbox 1386 2114 1501 2169; x_wconf 73' lang='lat'>485,</span> <span class='ocrx_word' id='word_1_224' title='bbox 1536 2114 1564 2156; x_wconf 94' lang='lat' dir='ltr'>l.</span> <span class='ocrx_word' id='word_1_225' title='bbox 1606 2115 1660 2156; x_wconf 83' lang='lat'>15</span> 
     </span>
     <span class='ocr_line' id='line_1_29' title="bbox 233 2187 1660 2243; baseline 0.002 -17"><span class='ocrx_word' id='word_1_226' title='bbox 233 2197 307 2240; x_wconf 88' lang='lat' dir='ltr'>pro</span> <span class='ocrx_word' id='word_1_227' title='bbox 342 2200 443 2228; x_wconf 74' lang='lat' dir='ltr'>nam</span> <span class='ocrx_word' id='word_1_228' title='bbox 478 2187 624 2229; x_wconf 88' lang='lat' dir='ltr'>malim</span> <span class='ocrx_word' id='word_1_229' title='bbox 658 2188 771 2229; x_wconf 78' lang='lat' dir='ltr'>iam:</span> <span class='ocrx_word' id='word_1_230' title='bbox 803 2188 962 2242; x_wconf 87' lang='lat' dir='ltr'>saepius</span> <span class='ocrx_word' id='word_1_231' title='bbox 990 2187 1170 2243; x_wconf 88' lang='lat' dir='ltr'>excidit,</span> <span class='ocrx_word' id='word_1_232' title='bbox 1200 2192 1247 2230; x_wconf 91' lang='lat' dir='ltr'>ut</span> <span class='ocrx_word' id='word_1_233' title='bbox 1276 2187 1386 2229; x_wconf 83' lang='lat' dir='ltr'>infra</span> <span class='ocrx_word' id='word_1_234' title='bbox 1415 2187 1660 2229; x_wconf 86' lang='lat' dir='ltr'>videbimus.</span> 
     </span>
     <span class='ocr_line' id='line_1_30' title="bbox 233 2256 1662 2315; baseline 0.003 -18"><span class='ocrx_word' id='word_1_235' title='bbox 233 2256 341 2298; x_wconf 88' lang='lat' dir='ltr'>Illud</span> <span class='ocrx_word' id='word_1_236' title='bbox 370 2272 412 2312; x_wconf 85' lang='lat' dir='ltr'>q,</span> <span class='ocrx_word' id='word_1_237' title='bbox 446 2258 558 2313; x_wconf 88' lang='lat' dir='ltr'>quod</span> <span class='ocrx_word' id='word_1_238' title='bbox 587 2258 618 2300; x_wconf 91' lang='lat' dir='ltr'><strong>P</strong></span> <span class='ocrx_word' id='word_1_239' title='bbox 644 2258 768 2301; x_wconf 88' lang='lat' dir='ltr'>habet</span> <span class='ocrx_word' id='word_1_240' title='bbox 801 2264 897 2300; x_wconf 91' lang='lat' dir='ltr'>ante</span> <span class='ocrx_word' id='word_1_241' title='bbox 928 2271 1084 2315; x_wconf 75' lang='lat' dir='ltr'>usque,</span> <span class='ocrx_word' id='word_1_242' title='bbox 1116 2264 1360 2314; x_wconf 88' lang='lat' dir='ltr'>corruptum</span> <span class='ocrx_word' id='word_1_243' title='bbox 1390 2264 1452 2302; x_wconf 86' lang='lat' dir='ltr'>est</span> <span class='ocrx_word' id='word_1_244' title='bbox 1483 2272 1533 2301; x_wconf 88' lang='lat' dir='ltr'>ex</span> <span class='ocrx_word' id='word_1_245' title='bbox 1565 2272 1662 2314; x_wconf 77' lang='lat' dir='ltr'>eqo,</span> 
     </span>
     <span class='ocr_line' id='line_1_31' title="bbox 232 2325 1663 2384; baseline 0.001 -15"><span class='ocrx_word' id='word_1_246' title='bbox 232 2325 385 2369; x_wconf 81' lang='lat' dir='ltr'>excidit</span> <span class='ocrx_word' id='word_1_247' title='bbox 419 2341 441 2369; x_wconf 79' lang='lat' dir='ltr'>e</span> <span class='ocrx_word' id='word_1_248' title='bbox 457 2360 471 2383; x_wconf 89' lang='lat'>,</span> <span class='ocrx_word' id='word_1_249' title='bbox 505 2329 743 2384; x_wconf 89' lang='lat' dir='ltr'>absorptum</span> <span class='ocrx_word' id='word_1_250' title='bbox 775 2335 835 2371; x_wconf 90' lang='lat' dir='ltr'>est</span> <span class='ocrx_word' id='word_1_251' title='bbox 865 2342 888 2370; x_wconf 90' lang='lat' dir='ltr'>a</span> <span class='ocrx_word' id='word_1_252' title='bbox 918 2334 1116 2384; x_wconf 87' lang='lat' dir='ltr'>sequente</span> <span class='ocrx_word' id='word_1_253' title='bbox 1140 2343 1173 2371; x_wconf 75' lang='lat' dir='ltr'>u</span> <span class='ocrx_word' id='word_1_254' title='bbox 1195 2330 1315 2372; x_wconf 88' lang='lat' dir='ltr'>litera</span> <span class='ocrx_word' id='word_1_255' title='bbox 1334 2343 1383 2384; x_wconf 90' lang='lat' dir='ltr'>o,</span> <span class='ocrx_word' id='word_1_256' title='bbox 1414 2331 1472 2371; x_wconf 91' lang='lat' dir='ltr'>sic</span> <span class='ocrx_word' id='word_1_257' title='bbox 1499 2341 1663 2371; x_wconf 88' lang='lat' dir='ltr'>reman-</span> 
     </span>
     <span class='ocr_line' id='line_1_32' title="bbox 174 2391 1664 2455; baseline 0.001 -17"><span class='ocrx_word' id='word_1_258' title='bbox 174 2391 176 2393; x_wconf 66' lang='grc'><strong>’</strong></span> <span class='ocrx_word' id='word_1_259' title='bbox 237 2398 288 2439; x_wconf 91' lang='lat' dir='ltr'>sit</span> <span class='ocrx_word' id='word_1_260' title='bbox 322 2411 362 2452; x_wconf 77' lang='lat' dir='ltr'>q,</span> <span class='ocrx_word' id='word_1_261' title='bbox 394 2404 465 2439; x_wconf 87' lang='lat' dir='ltr'>aut</span> <span class='ocrx_word' id='word_1_262' title='bbox 510 2398 703 2441; x_wconf 85' lang='lat' dir='ltr'>librarius</span> <span class='ocrx_word' id='word_1_263' title='bbox 742 2400 786 2442; x_wconf 91' lang='lat' dir='ltr'>P.</span> <span class='ocrx_word' id='word_1_264' title='bbox 821 2400 864 2440; x_wconf 93' lang='lat' dir='ltr'>in</span> <span class='ocrx_word' id='word_1_265' title='bbox 890 2400 1114 2454; x_wconf 87' lang='lat' dir='ltr'>exemplari</span> <span class='ocrx_word' id='word_1_266' title='bbox 1147 2401 1287 2455; x_wconf 78' lang='lat' dir='ltr'>legere</span> <span class='ocrx_word' id='word_1_267' title='bbox 1319 2413 1404 2445; x_wconf 90' lang='lat' dir='ltr'>non</span> <span class='ocrx_word' id='word_1_268' title='bbox 1430 2402 1564 2455; x_wconf 85' lang='lat' dir='ltr'>potuit</span> <span class='ocrx_word' id='word_1_269' title='bbox 1596 2413 1664 2441; x_wconf 85' lang='lat' dir='ltr'>ex-</span> 
     </span>
     <span class='ocr_line' id='line_1_33' title="bbox 232 2469 1663 2526; baseline 0.001 -16"><span class='ocrx_word' id='word_1_270' title='bbox 232 2473 352 2524; x_wconf 86' lang='lat' dir='ltr'>cepto</span> <span class='ocrx_word' id='word_1_271' title='bbox 377 2482 402 2523; x_wconf 76' lang='lat' dir='ltr'><em>q</em></span> <span class='ocrx_word' id='word_1_272' title='bbox 433 2469 477 2509; x_wconf 88' lang='lat' dir='ltr'>in</span> <span class='ocrx_word' id='word_1_273' title='bbox 496 2482 523 2524; x_wconf 82' lang='lat' dir='ltr'><strong><em>q</em></strong></span> <span class='ocrx_word' id='word_1_274' title='bbox 556 2476 718 2513; x_wconf 86' lang='lat' dir='ltr'>mutato</span> <span class='ocrx_word' id='word_1_275' title='bbox 735 2470 804 2526; x_wconf 86' lang='lat' dir='ltr'>(cf.</span> <span class='ocrx_word' id='word_1_276' title='bbox 839 2470 958 2512; x_wconf 92' lang='lat' dir='ltr'>Tom.</span> <span class='ocrx_word' id='word_1_277' title='bbox 990 2471 1040 2512; x_wconf 91' lang='lat'>11.</span> <span class='ocrx_word' id='word_1_278' title='bbox 1072 2484 1112 2525; x_wconf 92' lang='lat' dir='ltr'>p.</span> <span class='ocrx_word' id='word_1_279' title='bbox 1137 2470 1259 2526; x_wconf 79' lang='lat'><strong>505);</strong></span> <span class='ocrx_word' id='word_1_280' title='bbox 1278 2483 1433 2526; x_wconf 72' lang='lat' dir='ltr'>usque,</span> <span class='ocrx_word' id='word_1_281' title='bbox 1465 2484 1558 2526; x_wconf 85' lang='lat' dir='ltr'>pars</span> <span class='ocrx_word' id='word_1_282' title='bbox 1573 2483 1663 2525; x_wconf 90' lang='lat' dir='ltr'>pos.-</span> 
     </span>
     <span class='ocr_line' id='line_1_34' title="bbox 234 2539 1450 2598; baseline 0.002 -15"><span class='ocrx_word' id='word_1_283' title='bbox 234 2541 363 2583; x_wconf 63' lang='lat' dir='ltr'>terior</span> <span class='ocrx_word' id='word_1_284' title='bbox 398 2539 573 2594; x_wconf 76' lang='lat' dir='ltr'>excidit,</span> <span class='ocrx_word' id='word_1_285' title='bbox 606 2542 674 2591; x_wconf 81' lang='lat' dir='ltr'>ad,</span> <span class='ocrx_word' id='word_1_286' title='bbox 707 2546 766 2596; x_wconf 83' lang='lat' dir='ltr'>at,</span> <span class='ocrx_word' id='word_1_287' title='bbox 800 2547 862 2596; x_wconf 70' lang='lat' dir='ltr'>wc,</span> <span class='ocrx_word' id='word_1_288' title='bbox 897 2541 937 2583; x_wconf 62' lang='lat' dir='ltr'>et</span> <span class='ocrx_word' id='word_1_289' title='bbox 966 2555 1086 2598; x_wconf 88' lang='lat' dir='ltr'>saepe</span> <span class='ocrx_word' id='word_1_290' title='bbox 1122 2542 1450 2585; x_wconf 80' lang='lat' dir='ltr'>confunduntur.</span> 
     </span>
    </p>

    <p class='ocr_par' dir='ltr' id='par_1_8' title="bbox 294 2611 1660 2670">
     <span class='ocr_line' id='line_1_35' title="bbox 294 2611 1660 2670; baseline 0.002 -16"><span class='ocrx_word' id='word_1_291' title='bbox 294 2611 404 2660; x_wconf 77' lang='lat' dir='ltr'>Ibid.</span> <span class='ocrx_word' id='word_1_292' title='bbox 428 2612 455 2655; x_wconf 93' lang='lat' dir='ltr'>l.</span> <span class='ocrx_word' id='word_1_293' title='bbox 491 2612 559 2657; x_wconf 77' lang='grc' dir='ltr'>Μ,</span> <span class='ocrx_word' id='word_1_294' title='bbox 594 2612 624 2653; x_wconf 90' lang='grc' dir='ltr'>Ρ</span> <span class='ocrx_word' id='word_1_295' title='bbox 640 2615 821 2668; x_wconf 85' lang='lat' dir='ltr'>optimus</span> <span class='ocrx_word' id='word_1_296' title='bbox 837 2618 947 2657; x_wconf 90' lang='lat' dir='ltr'>recte</span> <span class='ocrx_word' id='word_1_297' title='bbox 969 2614 1091 2661; x_wconf 87' lang='lat' dir='ltr'>habet</span> <span class='ocrx_word' id='word_1_298' title='bbox 1107 2615 1213 2669; x_wconf 71' lang='lat' dir='ltr'>ista,</span> <span class='ocrx_word' id='word_1_299' title='bbox 1232 2620 1276 2661; x_wconf 88' lang='lat' dir='ltr'>ut</span> <span class='ocrx_word' id='word_1_300' title='bbox 1297 2621 1337 2657; x_wconf 85' lang='lat' dir='ltr'>et</span> <span class='ocrx_word' id='word_1_301' title='bbox 1352 2628 1390 2670; x_wconf 85' lang='lat' dir='ltr'>p.</span> <span class='ocrx_word' id='word_1_302' title='bbox 1412 2614 1497 2660; x_wconf 65' lang='lat'>489</span> <span class='ocrx_word' id='word_1_303' title='bbox 1513 2646 1525 2668; x_wconf 78' lang='lat'>,</span> <span class='ocrx_word' id='word_1_304' title='bbox 1542 2614 1569 2658; x_wconf 93' lang='lat' dir='ltr'>l.</span> <span class='ocrx_word' id='word_1_305' title='bbox 1591 2614 1660 2662; x_wconf 71' lang='lat'>41,</span> 
     </span>
    </p>

    <p class='ocr_par' dir='ltr' id='par_1_9' title="bbox 559 2687 1480 2729">
     <span class='ocr_line' id='line_1_36' title="bbox 559 2687 1480 2729; baseline -0.001 1"><span class='ocrx_word' id='word_1_306' title='bbox 559 2699 562 2701; x_wconf 68' lang='grc'><strong>’</strong></span> <span class='ocrx_word' id='word_1_307' title='bbox 1456 2687 1480 2729; x_wconf 70' lang='grc'><strong>5</strong></span> 
     </span>
    </p>
   </div>
  </div>
 </body>
</html>
