1905 3135
443 604 586 682 ns,
641 602 769 676 QUI
820 589 1019 670 HAEC
1069 556 1451 677 LEGANTJ‘

726 764 763 807 J.
805 764 855 807 Η.
895 762 1124 806 NOLTE.

839 913 869 941 S.
904 913 936 942 P.
971 912 1008 941 1).

269 1146 427 1200 Quibus
456 1146 632 1196 caussis,
668 1150 713 1188 ut
743 1145 816 1188 has
836 1145 1026 1188 locorum
1041 1144 1328 1187 Tacitinorum
1344 1151 1634 1202 corruptorum

209 1218 519 1261 emendationes
561 1219 606 1258 in
648 1217 788 1258 lucem
813 1205 981 1269 edam,
1019 1216 1222 1270 impulsus
1252 1217 1353 1270 sim,
1384 1218 1562 1259 breviter
1591 1220 1638 1259 in

208 1290 379 1345 epistola
409 1290 508 1332 huic
538 1287 783 1343 praefationi
814 1288 1036 1343 praemissa
1067 1286 1255 1330 indicavi.
1296 1286 1411 1341 Quae
1441 1289 1521 1332 hoe
1548 1290 1638 1332 loco

209 1366 256 1403 ut
286 1361 489 1416 explicem
519 1359 760 1402 faciendum
791 1359 896 1400 mihi
927 1359 1091 1413 putavi,
1122 1358 1223 1400 haee
1255 1364 1364 1400 sunt.

269 1431 411 1485 Quum
455 1431 619 1486 publica
664 1430 913 1472 bibliotheca
954 1430 1149 1471 omnibus
1187 1428 1398 1471 doetrinae
1427 1429 1639 1485 praesidiis

208 1502 406 1544 instructa
446 1500 745 1543 Amstelodami
776 1512 861 1542 non
893 1501 945 1540 sit
974 1512 1178 1554 parvaque
1209 1499 1414 1541 librorum
1444 1512 1638 1543 meorum

207 1573 344 1627 copia,
375 1571 543 1613 aliunde
574 1572 730 1625 aliquot
759 1571 855 1611 libri
887 1569 1093 1612 utendum
1123 1569 1229 1610 mihi
1259 1569 1426 1623 petendi
1447 1570 1633 1613 fuerunt.

207 1643 350 1685 Meum
380 1643 571 1685 editionis
602 1657 624 1685 a
655 1642 868 1684 Walthero
899 1640 1123 1683 adornatae
1141 1640 1352 1696 exemplar
1370 1642 1468 1697 quia
1483 1642 1535 1685 ad
1551 1655 1639 1686 ma-

208 1726 288 1756 nus
333 1726 418 1756 non
463 1713 665 1756 habebam
684 1745 697 1767 ,
729 1712 860 1755 donec
902 1725 926 1753 a
973 1716 1106 1753 matre
1136 1710 1262 1753 domo
1293 1711 1400 1754 mihi
1431 1714 1643 1756 transmit-

207 1791 389 1840 teretur,
446 1785 626 1827 Joannes
683 1784 933 1838 Muellerus,
994 1781 1388 1825 Amstelodamensis
1435 1784 1640 1828 librorum

208 1857 421 1911 venditor,
453 1858 515 1898 vir
549 1856 731 1899 officiosa
766 1856 1000 1909 voluntate,
1032 1869 1056 1896 a
1088 1867 1157 1897 me
1188 1860 1357 1910 rogatus
1395 1869 1521 1899 suum
1552 1859 1637 1899 mi—

208 1927 252 1968 hi
294 1927 499 1969 utendum
541 1927 676 1981 dedit,
722 1928 839 1969 euius
884 1926 1023 1967 fratris
1068 1925 1181 1967 filius
1216 1938 1340 1980 porro
1353 1958 1366 1981 ,
1398 1927 1641 1970 Fredericus

208 1998 453 2053 Muellerus,
484 2003 672 2041 veterum
702 1998 907 2040 librorum
938 2002 1150 2051 coemptor
1179 2001 1222 2039 et
1251 1996 1454 2053 venditor,
1485 1998 1642 2054 aliquot

208 2069 334 2111 libros
375 2070 552 2111 libenter
582 2069 688 2110 mihi
719 2068 1008 2111 commodavit.
1073 2059 1319 2138 Prffsquam
1350 2082 1495 2111 omnes
1526 2083 1641 2112 meas

208 2141 518 2184 emendationes
548 2146 589 2183 et
620 2141 911 2196 explicationes
942 2140 1130 2183 locorum
1162 2140 1448 2183 Tacitinorum
1478 2147 1520 2184 et
1551 2155 1642 2185 cor—

208 2218 428 2268 ruptorum
459 2219 500 2256 et
530 2213 743 2256 intellectu
774 2212 1010 2255 difficilium
1039 2211 1283 2267 perscriptas
1313 2212 1520 2255 librorum
1551 2227 1643 2257 ven-

210 2284 333 2326 ditori
363 2286 536 2340 tradidi,
567 2291 615 2328 ut
645 2285 792 2328 formis
822 2283 1109 2327 describendas
1138 2289 1326 2339 curaret,
1347 2297 1517 2340 operam
1532 2285 1643 2341 dedi,

211 2359 258 2396 ut
287 2354 487 2397 editiones
518 2370 541 2398 a
572 2357 764 2411 Ruperti,
795 2356 979 2409 Rittero,
1011 2353 1283 2400 Doederleino
1313 2356 1486 2398 emissae
1517 2357 1643 2411 inspi-

210 2425 380 2477 ciendae
425 2427 531 2469 mihi
575 2427 850 2470 traderentur.
915 2426 1021 2469 Hinc
1065 2425 1116 2468 ad
1158 2425 1245 2469 Jac.
1280 2426 1403 2482 Geel,
1433 2427 1644 2471 LeidenSis

214 2499 488 2540 universitatis
519 2500 899 2553 bibliothecarium,
915 2503 957 2541 et
969 2499 1007 2541 J.
1027 2498 1152 2553 Bake,
1165 2498 1352 2541 eiusdem
1367 2501 1645 2543 universitatis

213 2571 463 2626 magistrum
492 2570 632 2614 literas
663 2571 758 2614 dedi
790 2571 1039 2625 resciturus,
1070 2583 1124 2618 an
1154 2570 1250 2612 libri
1271 2570 1332 2612 illi
1349 2571 1498 2615 Leidae
1513 2577 1644 2616 exsta-

214 2646 319 2683 rent.
353 2641 443 2684 Non
474 2645 657 2695 exstare,
689 2654 931 2697 responsum
963 2647 1045 2695 est,
1077 2641 1212 2683 solum
1240 2641 1400 2684 lexicon
1427 2644 1643 2686 Taciteum
