1905 3135
923 226 949 267 6

227 353 397 406 oportet.
461 346 706 394 Memoriam
741 332 964 398 singularis
988 341 1328 394 benevolentiae,
1358 360 1443 402 qua
1465 360 1535 390 me
1563 360 1653 402 pro-

228 420 353 462 secuti
385 421 507 469 sunt,
537 415 629 457 Ber.
667 412 864 466 Hosman‚
895 411 1091 465 decanus,
1122 416 1164 453 et
1178 411 1265 453 Nic.
1284 410 1423 458 Steins
1438 417 1656 472 Bisschop.,

225 494 361 545 pastor
390 483 809 537 Amstelodamensis‚
838 481 1100 523 conservabo.
1149 480 1310 523 Gratias
1335 479 1539 528 maximas
1566 498 1658 542 per-

225 560 334 601 salvo
365 557 457 599 Ber.
493 554 727 596 Bahlmann
740 584 753 607 ‚
787 551 1162 594 Amstelodamensi
1189 552 1437 605 mercatori,
1471 554 1659 599 humano

226 629 339 672 haud
367 626 613 681 inelegantis
650 624 795 678 ingeni
826 624 913 665 viro
955 623 1125 676 eiusque
1154 621 1367 664 beneficae
1394 624 1537 676 uxori,
1555 626 1658 668 item

224 702 312 744 eius
328 697 550 751 sororibus,
566 701 607 738 et
622 700 726 737 natu
741 692 911 749 maiori,
933 694 1043 737 comi
1055 694 1117 736 illi
1137 699 1179 737 et
1194 693 1402 749 benignae
1421 694 1514 750 Ign.
1528 693 1659 738 Buen-

224 772 313 814 keri
345 769 492 811 viduae
505 799 519 822 ⁷
546 772 587 809 et
617 771 719 809 natu
749 767 903 809 minori
922 767 1093 820 eiusque
1123 766 1318 821 coniugi,
1349 764 1531 808 Adriano
1552 766 1660 808 Wat-⁴

225 843 334 896 tiau‚
366 841 506 882 animo
542 837 595 881 ad
630 837 767 880 officia
798 851 987 893 quaeque
1015 836 1261 893 praestanda
1286 838 1567 893 paratissimo,
1586 839 1657 893 qui

225 919 266 956 et
311 911 481 954 consilio
516 915 557 952 et
592 921 638 950 re
673 921 743 950 me
774 908 1091 963 diligentissime
1127 909 1222 950 tuiti
1251 913 1365 950 sunt.
1414 908 1658 952 Amicorum

225 984 415 1027 omnium
428 1013 440 1036 ‚
462 982 535 1036 qui
552 979 869 1035 Amstelodami‚
889 980 1155 1035 Noviomagi.,
1182 978 1387 1021 Arnhemi
1416 985 1531 1031 sunt,
1553 993 1659 1023 sem—

225 1068 299 1110 per
340 1052 545 1096 recordor.
610 1052 738 1094 Porro
789 1063 875 1093 non
915 1063 1085 1105 possum
1116 1063 1202 1092 non
1232 1050 1498 1105 amplissimis
1527 1052 1660 1093 verbis

229 1127 379 1181 gratias
409 1137 534 1180 agere
563 1122 613 1165 A.
631 1124 686 1166 M.
710 1122 948 1164 *Hendrichs
973 1135 1048 1177 pro
1079 1123 1250 1177 egregio
1266 1122 1421 1163 scilicet
1432 1122 1659 1177 beneficio,

229 1196 339 1251 quod
359 1195 471 1237 haud
493 1196 577 1237 scio
592 1208 646 1236 an
662 1194 731 1236 Fr.
750 1199 792 1235 et
804 1225 816 1248 ‚
840 1193 1275 1248 quoffiamiliarissime
1291 1193 1437 1247 utitur,
1452 1193 1496 1235 L.
1518 1199 1659 1236 aucto-

229 1267 343 1308 ribus
363 1267 408 1307 in
424 1278 494 1307 me
518 1264 811 1307 contuleritltt‘
826 1263 1118 1313 incredibilem
1140 1262 1319 1317 denique
1337 1264 1515 1318 gratiam
1528 1263 1662 1306 habeo

229 1340 267 1381 J.
291 1337 340 1380 A.
366 1336 520 1391 Smits7
546 1337 619 1392 qui
636 1349 705 1378 me
738 1336 911 1378 consilio
942 1349 1017 1378 suo
1044 1336 1173 1391 juvit:
1207 1348 1291 1390 quo
1326 1340 1481 1390 quanto
1518 1336 1662 1392 ingeni

228 1410 421 1453 acumine
452 1410 526 1463 sit,
557 1409 718 1451 mirum
751 1409 795 1449 in
830 1407 1006 1451 modum
1041 1407 1375 1463 comprobavit!!!

289 1554 351 1595 Te
363 1584 377 1608 ‚
397 1554 528 1596 lector
551 1551 866 1605 candidissime,
896 1564 1000 1605 rogo
1012 1582 1026 1605 7
1042 1556 1089 1592 ut
1105 1551 1324 1592 Horatium
1340 1551 1524 1604 sequaris
1538 1581 1552 1605 ‚
1566 1551 1661 1605 qui:

702 1621 782 1664 «Si
810 1622 967 1677 quid»,
1002 1622 1079 1671 ait,
1124 1621 1309 1663 «novisti
1353 1621 1514 1663 rectius
1543 1620 1665 1675 istis,

230 1712 250 1730 r»
263 1694 477 1737 Candidus
514 1693 707 1748 imperti,
742 1693 782 1733 si
814 1705 899 1734 non
930 1692 999 1733 his
1030 1697 1147 1733 utere
1177 1704 1351 1734 mecum.
1364 1709 1383 1744 ρ»

718 1761 1018 1804 Amstelodami
1056 1776 1091 1804 a.
1129 1761 1168 1804 d.
1207 1762 1271 1804 xl.
1306 1761 1394 1804 Kal.
1427 1760 1602 1816 Apriles.
