1905 3135
947 190 1002 231 54

317 310 425 353 Ibid.
458 322 498 363 p.
532 307 638 362 419,
669 307 697 349 l.
732 306 773 349 6.
808 306 934 350 Recte
963 307 1088 351 habet
1120 306 1149 348 P
1180 319 1251 349 Aur
1278 308 1467 364 leyibus,
1500 307 1686 351 eslenim
1745 361 1748 364 ἢ

256 381 472 422 descensus
509 391 533 419 a
559 378 716 420 maiore
745 369 798 418 ad
829 378 991 432 minus,
1018 383 1066 420 ut
1096 377 1179 419 dixi
1209 375 1260 418 ad
1292 376 1433 421 Germ.
1461 392 1550 434 cap.
1571 379 1656 422 Vll.

315 451 412 505 Cap.
445 448 528 492 XX.
553 462 593 504 p.
623 447 727 502 490,
758 448 787 491 l.
806 448 847 491 8.
886 447 1080 503 Optimus
1107 449 1137 490 P
1172 449 1296 491 habet
1321 462 1396 492 nec
1422 452 1578 505 solum,-
1612 464 1689 506 op-

255 522 386 562 time!
415 525 558 573 estque
583 517 893 573 reponendum,
921 531 995 561 neo
1023 532 1064 550 =
1088 524 1130 560 et
1159 531 1267 574 non3
1293 518 1480 560 attendas
1494 521 1621 563 velim
1636 521 1688 563 ad

253 605 338 634 mm
372 590 534 641 solum,
566 590 638 632 sed
664 589 796 631 etiam
830 588 884 631 cf.
917 588 1052 631 Hand.
1087 590 1207 632 TurS.
1242 590 1317 640 JV,
1344 604 1384 645 p.
1418 590 1520 633 284.

309 662 421 704 Ibid.
454 662 482 704 l.
519 662 588 703 11.
637 660 831 716 Optimus
864 659 908 703 P.
941 660 1067 702 habet
1103 666 1336 717 emercetur,
1371 661 1483 716 quod
1514 661 1689 705 redden-

251 733 376 787 dum,
418 731 523 774 illud
563 732 754 786 emiqitur
784 720 837 772 ab
875 732 1071 774 omnibus
1097 738 1312 788 receptum
1341 746 1365 774 a
1384 733 1465 776 loci
1486 735 1689 776 sententia

249 806 433 847 alienum
455 810 528 846 est.
562 804 740 845 Probare
771 803 858 845 vult
889 804 1056 846 Tacitus
1087 803 1153 857 id,
1180 804 1293 858 quod
1319 804 1482 848 dixit...
1514 811 1556 848 et
1587 818 1686 860 poe-

248 877 330 919 tico
369 875 488 918 cultu
518 875 689 918 enituit.
739 873 895 916 Revera
921 875 1083 930 poetico
1117 874 1234 917 cultu
1267 875 1443 930 enituit3
1473 881 1688 920 exercetur

249 947 365 988 enim
396 952 473 987 etc.

314 1017 518 1058 Venimus
555 1014 606 1057 ad
632 1016 775 1058 locum
801 1016 904 1057 item
934 1016 1296 1070 corruptissimum

313 1089 412 1143 Cap.
446 1088 547 1130 xxl.
581 1101 620 1141 p.
654 1087 770 1140 491,
801 1087 829 1129 l.
864 1086 906 1130 7.
950 1087 1063 1129 «Nec
1094 1100 1200 1129 unum
1231 1101 1281 1129 »Β
1311 1100 1449 1129 rorum
1479 1087 1510 1138 ·1-
1529 1101 1684 1130 cmo-n:

251 1173 326 1203 aur
358 1157 454 1202 Arri
486 1172 536 1201 nr.
568 1157 721 1201 Fumuo
753 1162 795 1200 et
825 1156 1001 1201 TARAmo
1028 1171 1177 1208 ouioun
1207 1171 1311 1201 mos
1341 1170 1381 1202 m
1410 1171 1539 1202 nonem
1570 1171 1686 1203 vam-

247 1233 459 1273 ‘runimnio
492 1236 571 1271 ete.
615 1230 727 1271 Haec
757 1235 819 1271 est
843 1230 968 1271 lectio
997 1231 1145 1284 optimi
1175 1231 1207 1272 P
1236 1237 1442 1285 corrupta.
1486 1232 1690 1286 Interpre-

249 1308 342 1346 tum
357 1302 618 1346 coniecturas
641 1306 682 1344 et
710 1301 1002 1357 explicationes
1018 1300 1110 1344 vide
1129 1315 1193 1357 ap.
1211 1302 1364 1346 Walth.
1383 1307 1425 1345 et
1441 1301 1511 1346 Or.
1535 1303 1690 1347 Totum

249 1375 390 1415 locum
431 1373 634 1414 rescribo:
684 1372 767 1415 Nec
800 1371 944 1424 -SzmT
986 1377 1130 1414 tamen
1170 1373 1221 1414 de
1249 1374 1401 1427 populo
1432 1373 1583 1415 Canuti
1616 1380 1692 1416 aut

250 1444 345 1487 Atti
376 1443 491 1487 CUM
527 1443 691 1486 Turnio
721 1447 762 1485 et
798 1442 981 1486 Toranio
1011 1448 1053 1485 et
1082 1441 1295 1499 quiSqttIS
1326 1444 1450 1488 aliUs
1477 1445 1527 1487 in
1549 1445 1691 1488 eodem

250 1520 328 1557 etc.
362 1515 447 1557 Nec
476 1519 577 1557 sunt
607 1513 738 1555 voluit
773 1514 901 1555 etiam
932 1512 1162 1556 Schneider
1192 1513 1247 1555 cf.
1268 1514 1420 1555 walth.
1454 1514 1519 1556 ad.
1537 1514 1579 1557 h.
1597 1515 1685 1558 l.—

248 1600 269 1628 s
300 1585 477 1640 excidit,
509 1589 557 1627 ut
587 1586 774 1640 saepius,
805 1589 948 1626 tamen
978 1590 1222 1639 corruptum
1248 1585 1294 1626 in
1324 1589 1439 1639 tam,
1473 1590 1514 1627 et
1540 1586 1688 1628 hocin

250 1669 324 1698 um
350 1670 384 1699 s.
413 1658 491 1698 im.-
533 1656 596 1697 De
624 1656 781 1710 populo
812 1655 866 1697 ef.
906 1655 1041 1698 Hand.
1070 1644 1194 1697 Tum.
1228 1655 1264 1697 ΙΙ
1295 1669 1334 1711 p.
1371 1656 1475 1711 1973-
1506 1657 1609 1698 illud
1638 1660 1690 1700 de

250 1732 346 1769 ante
387 1727 549 1769 Turnio
594 1731 736 1768 ortum
778 1731 840 1767 est
884 1738 935 1767 ex
971 1727 1173 1780 scriptura
1208 1728 1298 1780 ου’,
1339 1732 1381 1768 et
1416 1727 1470 1769 ob
1498 1727 1690 1770 ultimam

251 1799 454 1854 syllabam
481 1797 669 1840 vocabuli
701 1797 882 1839 Toranio
916 1796 1088 1852 excidit,
1118 1799 1311 1853 quisquis
1326 1798 1457 1853 alius,
1483 1799 1541 1840 sic
1567 1799 1688 1842 Tom.

251 1871 318 1924 ll,
351 1883 390 1924 p.
425 1868 536 1924 465,
568 1868 596 1911 l.
631 1869 681 1910 5:
714 1868 891 1923 quisque
925 1873 967 1910 et
1007 1868 1202 1923 quisquis
1231 1881 1350 1924 saepe
1375 1868 1692 1912 confunduntur

254 1942 298 1981 in
330 1939 449 1982 codd.
469 1971 482 1993 ,
524 1940 582 1981 sic
617 1939 738 1981 Tom.
772 1939 835 1992 ll,
862 1952 902 1993 p.
920 1938 1003 1989 89,
1032 1939 1060 1981 l.
1099 1939 1155 1982 10
1181 1939 1237 1982 Μ.
1260 1941 1435 1995 quisque
1463 1941 1590 1982 habet
1617 1954 1691 1996 pro

254 2012 462 2066 quisquis,
504 2011 643 2064 alius,
680 2009 1017 2064 frequentissima
1051 2011 1232 2066 syllabae
1268 2025 1320 2054 us
1354 2013 1399 2053 in
1428 2025 1474 2055 os
1509 2017 1693 2055 mutatae

254 2082 457 2137 exempla.
1060 2075 1065 2081 ’

314 2154 425 2197 Ibid.
459 2167 500 2209 p.
534 2152 639 2207 492,
671 2153 698 2195 l.
735 2152 775 2194 7.
820 2172 838 2189 «
848 2151 999 2196 Soanas
1031 2166 1236 2196 vnnaonuu
1267 2167 1313 2196 m·
1345 2166 1454 2197 mans
1473 2166 1692 2198 composino

256 2240 303 2268 nr
334 2238 526 2269 laconum
558 2237 691 2267 sensus
721 2229 799 2266 ete.

318 2296 515 2339 Attamen
544 2296 728 2352 optimus
763 2294 795 2337 P
829 2294 953 2338 habet
983 2296 1127 2338 sordes
1158 2295 1331 2351 requlae
1364 2295 1586 2340 verborum
1614 2302 1692 2341 etc.

255 2368 362 2410 Hinc
408 2367 723 2409 rescribendum
753 2379 842 2408 esse
872 2366 996 2408 credo
1028 2366 1168 2409 sordes
1200 2367 1270 2409 ET
1301 2367 1522 2421 reLIqulae
1546 2369 1693 2410 verbo-

251 2453 373 2494 rum,
407 2444 449 2481 et
478 2437 633 2481 excidit
663 2438 715 2480 ob
748 2437 1065 2480 antecedentem
1096 2438 1300 2493 syllabam
1334 2451 1379 2481 es
1407 2437 1461 2481 cf.
1497 2438 1618 2482 Tom.
1641 2438 1693 2492 11,

249 2526 288 2566 p.
326 2511 398 2566 16,
430 2512 457 2553 l.
497 2511 575 2564 123
623 2509 781 2552 medias
818 2509 995 2565 syllabas
1040 2522 1160 2564 saepe
1193 2509 1390 2552 excidisse
1420 2511 1506 2553 iam
1535 2510 1691 2563 aliquo-

248 2583 323 2624 ties
353 2582 491 2625 notavi
519 2586 560 2623 et
593 2580 933 2624 luculentissimis
962 2580 1166 2636 exemplis
1198 2579 1307 2623 infra
1338 2581 1580 2634 ostendam,
1605 2593 1632 2634 q
1651 2585 1692 2622 et

247 2668 298 2720 (ζ,
336 2661 381 2698 ut
411 2656 428 2696 i
461 2660 501 2696 et
547 2655 563 2696 l
597 2655 749 2696 mutari
795 2658 942 2696 notum
975 2658 1066 2706 est,
1103 2665 1188 2696 voc.
1223 2654 1431 2708 reliquiae
1479 2651 1687 2706 significat
