1905 3135
932 174 983 217 91

248 294 513 351 Victorinus),
545 296 647 351 quia
681 290 757 339 B.'»›
805 294 912 339 Satis
939 294 1087 350 habeo,
1117 296 1219 339 haee
1233 296 1476 351 ascripsisse.
1509 295 1674 339 Judioet

248 369 392 423 lector,
421 366 521 423 quid
554 367 597 410 li.
630 367 659 410 1.
690 365 1012 423 praeferendum
1045 367 1110 410 sit.

307 438 417 483 Ibid.
451 439 546 495 Gap.
569 438 796 493 LXXXVI,
826 451 915 493 cap.
945 438 1061 493 288,
1091 438 1120 480 l.
1155 438 1281 480 142...
1315 450 1388 486 Quo
1408 450 1576 479 venne-r
1592 450 1675 480 Am-

248 522 333 553 num
376 524 423 553 ΕΤ
467 523 611 554 marm
641 522 890 553 utrumnum
936 522 1229 552 sunnucssnssrun
1265 513 1344 551 etc.
1383 507 1439 551 At
1468 508 1511 551 M
1549 508 1676 552 habet

246 580 513 635 subduceret,
556 579 687 633 idque
739 591 825 621 voc.
873 592 918 621 se
962 583 1054 634 post
1100 578 1379 620 aemulationi
1392 610 1394 612 .
1408 579 1675 634 interposito⁷

246 652 372 707 quod'
388 653 442 695 ob
475 653 656 707 primam
686 650 888 707 syllabam
918 652 1032 694 verbi
1067 650 1313 694 subduceret
1343 650 1466 694 facile
1480 648 1676 694 'excidere

244 723 409 778 potuit,
452 720 713 764 reddendum
743 727 817 765 est.
853 720 898 765 Si
927 734 1026 764 cum
1056 721 1142 765 Jae.
1182 721 1359 764 Gronov.
1392 721 1573 764 aninum
1605 722 1673 763 in-

246 794 438 848 telligere
468 793 661 847 volueris,
692 805 777 836 voc.
809 806 855 836 se
882 805 969 835 non
999 806 1102 849 opus
1130 798 1204 839 est.

305 864 426 908 Lihr.
478 864 529 920 V,
577 863 672 920 Cap.
710 864 770 915 lll,
789 877 849 920 J).
883 863 988 920 296,
1018 864 1047 907 l.
1093 864 1143 920 73
1184 883 1254 908 a...
1271 877 1339 907 sm)
1369 876 1537 919 summer,
1577 876 1676 907 nuce

245 949 431 986 cannes-ri,
492 949 733 991 canonum,
785 950 902 978 ramo
930 950 1036 978 cums
1065 950 1215 978 auximo
1241 944 1472 978 pausamus
1502 949 1675 978 msamas

244 1021 495 1052 rnruussem.
538 1013 635 1051 ets.»
670 1008 713 1051 M
763 1008 887 1051 habet
914 1008 1108 1064 ,quidem
1154 1007 1291 1063 ἀνι-Ε,
1338 1007 1411 1050 sed
1439 1008 1570 1063 male3
1599 1020 1676 1063 pro

244 1081 317 1122 sed
345 1080 471 1123 habet
505 1085 569 1134 εἰς
600 1079 718 1122 dein:
756 1080 879 1124 enias
913 1080 1083 1124 anoeilio
1109 1081 1323 1124 eredentes
1332 1085 1577 1135 praesentes
1593 1081 1677 1122 mi-

243 1152 379 1193 serias
397 1156 491 1193 etc..
514 1151 709 1193 Rescribo
724 1164 748 1192 e
779 1152 1001 1193 verborum
1030 1156 1251 1193 contextu-2
1283 1152 1356 1192 sed
1390 1151 1577 1204 sibimt,
1592 1152 1675 1192 du-

246 1223 286 1265 ci
333 1221 458 1277 (cod.⁴
484 1220 667 1277 Sangall.
712 1220 844 1264 Orosii
883 1222 1025 1276 habet)
1068 1222 1239 1265 caelesti
1281 1221 1329 1276 (i.
1380 1235 1416 1264 e.
1450 1222 1527 1263 sihi
1570 1222 1674 1276 ipsi,

244 1294 399 1348 Moysi,v
429 1298 474 1335 ut
511 1292 607 1335 duci
632 1291 830 1347 caelesti),
861 1294 1076 1335 crederent
1101 1293 1243 1348 primo
1262 1293 1385 1336 euius
1400 1293 1569 1336 auaritia
1584 1306 1674 1336 ere-

244 1365 388 1407 dentes
413 1369 655 1420 praesentes
674 1368 752 1407 etc.

302 1435 366 1478 lh.
403 1435 498 1490 Gap.
542 1435 609 1489 lV⁷
637 1448 681 1490 p.¹
711 1434 816 1489 299,
847 1434 875 1477 1.
909 1436 958 1477 5:
994 1447 1157 1489 cursus,
1189 1436 1301 1490 quod
1329 1435 1373 1477 M
1402 1434 1542 1491 habet,
1563 1449 1675 1491 prae-

244 1505 334 1548 fero
373 1505 428 1548 cf,
471 1505 557 1549 Cic.
600 1504 715 1549 Som.
743 1503 852 1561 Seip.
882 1506 932 1547 4:
966 1505 1203 1548 Stellarum
1233 1520 1382 1566 cursus
1411 1507 1673 1563 sempiterni.

302 1576 365 1619 112.
401 1576 499 1631 Cup.
533 1576 600 1631 Vl,
630 1590 669 1631 p.
705 1574 809 1630 502,
844 1576 872 1618 l.
903 1576 957 1630 83
1002 1589 1219 1619 «menn-ran
1265 1589 1388 1619 [mose
1429 1591 1674 1633 sumnum-r,

244 1660 290 1690 ur
338 1660 495 1702 somno,
523 1659 660 1690 rnrun.
702 1647 745 1690 Μ
774 1648 967 1702 invenes,
1001 1660 1118 1690 eraso
1146 1661 1183 1702 s,
1213 1661 1253 1679 =
1267 1648 1463 1704 incertae,
1494 1663 1517 1692 s
1546 1652 1674 1693 etiam

244 1718 450 1760 vocalibus
490 1718 757 1773 sequentibus
797 1719 842 1759 in
887 1718 975 1760 fine
1011 1718 1308 1761 vocabulorum
1343 1719 1437 1762 addi
1469 1721 1555 1763 iam
1600 1736 1674 1765 su-

243 1804 317 1845 pra
361 1790 469 1845 dixi3
510 1791 613 1832 item
658 1790 700 1832 M
736 1789 781 1833 ll.
819 1790 1067 1845 plerumque
1111 1791 1155 1831 in
1186 1788 1281 1832 hist.
1315 1791 1409 1834 libr.
1441 1806 1465 1834 e
1489 1792 1675 1850 habere,

246 1861 317 1903 ubi
360 1875 409 1904 ae
448 1862 501 1903 sit
538 1868 617 1904 etc.
651 1871 816 1904 neeesse
849 1866 923 1904 est.
956 1861 1068 1903 Nihil
1100 1861 1365 1905 mutandum.
1401 1863 1522 1915 Tom,
1560 1865 1591 1920 l,
1629 1877 1670 1921 p.

245 1933 349 1988 284,
389 1934 416 1976 l.
465 1935 491 1975 5
547 1932 860 1976 rescribendum
908 1939 970 1975 est
1005 1933 1191 1976 incertae
1232 1933 1290 1987 (M
1329 1934 1453 1977 habet
1492 1936 1673 1993 ineerta)

244 2005 471 2047 virilitatis
521 2009 576 2051 et.
596 2018 636 2060 p.
670 2004 775 2059 451,
806 2004 833 2047 l.
869 2005 923 2047 15
965 2005 1163 2059 incertas,
1196 2005 1308 2060 quod
1343 2006 1386 2048 M
1410 2007 1549 2063 habet,
1580 2010 1673 2053 red-

244 2075 431 2119 dendum
460 2080 550 2130 ’θεῖς
585 2076 777 2131 exempla
808 2075 900 2117 vide
931 2089 995 2131 ap.
1026 2075 1154 2118 Doed.
1187 2089 1226 2131 p.
1265 2075 1366 2119 591.

303 2147 413 2190 Ibid.
448 2146 542 2202 Gap.
589 2146 672 2201 Vll,
702 2161 742 2202 p.
782 2145 886 2201 504,
921 2146 949 2190 l.
985 2147 1038 2201 23
1081 2160 1278 2189 «momcum
1308 2161 1346 2189 ιι)
1382 2162 1485 2191 mus
1515 2164 1561 2191 ET
1581 2165 1671 2193 EGE-

241 2231 423 2262 mmrmus
451 2230 751 2262 mexnausrum.»
797 2218 889 2260 «An
921 2220 992 2261 sed
1004 2222 1043 2260 ?»
1085 2218 1154 2261 Or.
1187 2219 1482 2276 Nequaquam3
1519 2228 1561 2265 et
1576 2236 1615 2254 =
1631 2229 1672 2266 et

239 2296 395 2345 tamen,
422 2297 469 2333 ut
510 2291 662 2334 Walth.
710 2296 751 2333 et
788 2290 916 2333 Doed.
970 2296 1083 2333 reete
1119 2291 1422 2348 explicuerunt,
1457 2293 1511 2336 cf.
1551 2295 1672 2338 Hand

242 2362 362 2403 Turs.
400 2363 447 2417 ll,
488 2377 527 2418 p.
573 2362 676 2418 496,
707 2362 784 2404 Nm.
814 2363 855 2403 4.
894 2362 944 2404 Η.
978 2363 1006 2404 l.
1038 2362 1090 2404 de
1116 2362 1273 2417 aliquot
1303 2364 1416 2419 loeis,
1450 2366 1494 2406 in
1519 2367 1669 2420 quibus

243 2437 298 2487 et,
344 2438 402 2482 at,
436 2446 484 2475 ae
514 2439 592 2475 etc.
622 2434 836 2489 leguntur,
855 2445 984 2487 pauca
1010 2432 1159 2475 dicam.
1189 2433 1238 2475 T.
1266 2434 1296 2488 l,
1317 2447 1357 2488 p.
1376 2436 1419 2489 5,
1447 2435 1474 2477 l.
1491 2436 1516 2478 8
1540 2436 1670 2479 Mha-

244 2506 314 2548 bet
337 2509 397 2560 at,
424 2517 498 2560 pro
525 2517 607 2560 quo
634 2506 679 2549 B.
698 2510 809 2549 reete
837 2518 899 2560 ae,
920 2504 972 2548 de
986 2505 1104 2547 cuius
1119 2505 1157 2546 vi
1174 2504 1228 2548 cf.
1254 2519 1359 2560 quae
1390 2506 1442 2549 ad
1459 2507 1560 2564 Agr.
1578 2522 1667 2566 cap.

245 2577 331 2620 XVl
375 2578 538 2633 seripsi3
580 2577 691 2620 male
740 2577 811 2621 Or.
857 2590 908 2620 ex
937 2577 1105 2620 Horkel.
1142 2578 1378 2621 coniectura
1413 2574 1473 2622 ut
1499 2583 1671 2640 rescrip-

245 2650 308 2692 sit.
355 2648 462 2692 [bid.
495 2662 534 2704 p.
576 2647 658 2703 16.
684 2648 712 2690 l.
746 2647 805 2691 20
846 2654 955 2692 recte
986 2647 1041 2692 M.
1065 2650 1137 2692 sed
1168 2654 1209 2691 et
1233 2649 1358 2693 habet
1388 2654 1515 2695 :sed
1551 2661 1600 2696 at
1629 2660 1670 2697 et
