1905 3135
943 198 997 239 58

248 324 417 374 tereque
461 318 505 358 in
550 329 636 359 voc.
675 321 767 358 arte
801 317 915 359 aliud
947 321 1193 372 corruptum
1219 329 1270 358 ex
1301 322 1397 360 nota
1424 319 1495 362 illa
1521 318 1676 362 media-

248 402 344 433 rum
373 393 416 432 et
433 388 612 431 aliarum
646 386 901 443 syllabarum
926 388 1150 432 omissione
1173 387 1474 444 literarumque
1488 391 1674 448 singula-

247 473 344 504 rum
377 461 631 503 traiectione.

304 532 404 586 His,
439 541 547 585 quae
577 530 766 585 pluribus
794 530 895 572 locis
919 541 1062 572 mcum
1087 531 1329 576 communia
1343 536 1467 586 sunt,
1480 535 1677 586 praemis-

245 603 319 656 sis,
364 602 417 644 de
458 601 616 656 aliquot
663 600 766 643 locis
805 599 1051 654 singillatim
1099 600 1205 643 mihi
1255 600 1548 657 explicandum
1592 611 1675 655 est,

243 674 397 729 incipio
423 686 448 715 a
473 673 585 727 loco,
625 672 698 727 qui
735 670 871 726 male,
902 676 951 713 ut
980 672 1121 727 aiunt,
1148 678 1328 716 vexatur.

304 743 426 787 Lihr.
472 742 503 786 Ι.
531 756 619 798 cap.
650 742 741 784 VIII
766 755 807 797 p.
842 741 921 795 10,
947 742 985 792 l„
1010 743 1060 797 ὅς
1101 760 1121 780 κ
1143 755 1286 785 mesu
1320 755 1395 787 non
1429 755 1551 786 utrm
1581 756 1676 787 civi·
1705 743 1707 745 ’

244 827 322 857 teu
362 827 520 869 mooun,
554 826 626 856 msr
667 825 766 862 ouon
804 846 879 856 .....
922 825 1155 857 maiomam
1183 826 1257 857 sur
1288 827 1516 858 conon-rinus
1545 828 1676 859 civium

243 886 492 929 Romwomm
537 888 638 927 etc.»
695 883 803 938 Quia
853 884 905 927 ad
947 884 1012 940 id,
1059 884 1171 940 quod
1203 885 1409 940 explicare
1437 886 1567 928 voluit
1597 886 1677 929 Ta-

242 956 349 998 citus
389 955 585 1011 quodque
633 955 858 997 verborum
896 960 1114 997 contextus
1168 955 1345 1011 indicat,
1382 968 1468 999 non
1495 956 1679 1000 attende-

241 1028 344 1070 bant
374 1028 636 1082 interpretes,
673 1027 851 1069 multam
878 1039 1049 1081 operam
1079 1028 1124 1068 in
1153 1027 1245 1070 loco
1274 1028 1519 1083 corriqendo
1548 1029 1676 1072 collo-

242 1103 413 1141 carunt:
462 1103 505 1139 at
547 1109 717 1152 operam
768 1102 810 1138 et
855 1097 997 1139 oleum
1028 1096 1321 1152 perdiderunt!
1354 1098 1479 1140 Estne
1520 1098 1678 1153 Taciti,

242 1169 390 1213 eadem
436 1169 580 1213 omnia
619 1181 811 1224 narrare,
862 1181 968 1224 quae
1005 1167 1230 1213 Suetonius
1265 1182 1313 1212 ac
1338 1169 1471 1225 Dion,
1496 1183 1679 1225 quorum

241 1240 311 1283 hic
365 1253 532 1295 quoque
583 1239 762 1294 aliquid,
806 1239 947 1282 XXXV
999 1241 1235 1282 sestertium
1285 1240 1477 1282 tribubus
1515 1240 1679 1296 legata,

243 1311 406 1367 omisit,
437 1312 668 1354 memoriae
702 1310 1004 1366 prodiderunt?
1034 1311 1216 1366 Leqam,
1251 1312 1410 1366 inquit,
1438 1324 1525 1354 non
1560 1313 1680 1355 ultra

243 1382 416 1425 civilem
440 1382 628 1437 ntodmn,
657 1394 731 1424 msi
762 1394 861 1429 Quoi>
877 1386 973 1436 etc..·,
989 1381 1115 1424 habet
1150 1382 1280 1437 igitur
1313 1373 1536 1425 delectum.
1571 1383 1679 1425 Hinc

243 1452 353 1496 effici
384 1454 564 1508 cogique
593 1457 636 1494 et
670 1457 832 1507 poterat
857 1458 899 1494 et
932 1451 1108 1494 debebat
1121 1483 1134 1507 ,
1166 1454 1200 1494 si
1230 1452 1332 1507 quid
1352 1453 1542 1508 Tacitus,
1565 1453 1678 1508 quod

241 1524 312 1567 alii
357 1524 575 1580 scriptores
610 1522 751 1578 aliud,
777 1527 902 1578 atque
941 1523 1054 1578 ipse,
1076 1523 1121 1564 in
1151 1523 1276 1565 rebus
1313 1522 1531 1565 narrandis
1559 1535 1676 1579 spec-

238 1601 375 1639 tantes
425 1599 662 1638 memoratu
708 1594 888 1650 dignum
944 1594 1254 1649 iudicaverunt,
1305 1595 1468 1650 omisit,
1509 1594 1566 1637 —id
1608 1608 1679 1638 vo-

240 1668 402 1710 luntate
427 1672 470 1709 et
501 1666 657 1709 iudicio
687 1666 889 1708 omisisse.
921 1664 1027 1718 Quia
1058 1665 1178 1708 ultra2
1197 1666 1364 1708 civilem
1398 1665 1574 1708 modum
1599 1667 1677 1721 ipsi

239 1737 283 1780 id
296 1770 310 1793 ,
351 1737 464 1793 quod
502 1736 718 1792 Augustus
738 1737 872 1778 tribus
896 1737 984 1778 istis
1013 1736 1254 1779 cohortibus
1281 1737 1452 1779 urbanis
1482 1735 1678 1792 dederat,

241 1811 376 1852 visum
423 1820 509 1851 non
544 1813 631 1862 est,
671 1807 837 1849 silentio
867 1808 1120 1849 transmisit:
1148 1819 1405 1861 quamquam
1438 1812 1528 1849 tam
1560 1808 1647 1862 ipse
1663 1838 1680 1861 ,

237 1893 367 1936 quam
393 1878 618 1924 Suetonius
647 1884 690 1921 et
719 1878 825 1933 Dio,
851 1877 953 1933 quid
978 1878 1211 1933 quibusque
1236 1877 1451 1934 Augustus
1479 1877 1674 1933 dedisset,

238 1952 366 1993 novit.
413 1950 634 1992 Delectum
683 1949 814 2003 igitur
853 1947 952 1990 fecit
965 1980 977 2004 ,
1014 1949 1077 1990 uti
1116 1948 1207 2004 hic,
1242 1949 1300 1991 ita
1326 1953 1367 1991 et
1393 1949 1439 1990 in
1464 1949 1541 2003 iis,
1570 1961 1678 2003 quae

238 2026 496 2078 sequuntur,
530 2033 639 2063 «rum
675 2032 939 2063 constiturum
969 2034 1019 2063 nn
1045 2033 1272 2064 aenomaus»
1291 2053 1305 2076 .,
1334 2034 1386 2064 ex
1419 2021 1571 2076 quibus
1605 2033 1676 2064 eos

238 2098 405 2136 tantum
451 2088 594 2146 affert,
635 2104 740 2147 quos
782 2092 965 2133 maxime
1013 2092 1200 2147 insignes
1224 2092 1397 2146 hahuit,
1429 2105 1493 2140 Qui
1522 2104 1674 2134 mxima

237 2178 402 2208 msmmis
442 2164 531 2219 ipsi
547 2195 561 2218 ,
609 2175 695 2205 non
736 2163 894 2217 populo
946 2162 1074 2217 (quod
1110 2162 1182 2205 Or.
1216 2175 1435 2218 perperam
1461 2162 1673 2217 intelligit)

236 2248 308 2278 vrs1
354 2240 467 2276 sunt.
520 2234 569 2275 In
606 2233 687 2274 -illo
732 2238 833 2287 aut,
874 2232 986 2288 quod
1027 2237 1119 2287 post
1152 2233 1401 2276 vocabulum
1426 2232 1677 2292 legionarios

237 2307 446 2362 sequitur,
486 2317 615 2348 nemo
658 2308 792 2359 potest
835 2302 1071 2347 offendere:
1124 2307 1192 2347 eo'
1219 2308 1397 2347 utuntur
1437 2305 1676 2359 scriptores,

239 2378 313 2421 ubi
343 2390 409 2419 res
435 2375 670 2418 distinctius
700 2374 944 2430 designatur
975 2391 1014 2409 =
1043 2376 1144 2418 oder
1174 2375 1379 2417 viebmehr
1407 2375 1464 2418 cf,
1493 2389 1599 2431 quae
1624 2375 1677 2417 ad

238 2449 335 2493 Ger.
353 2461 442 2504 cap.
460 2447 531 2490 VII
546 2438 703 2502 scripsi,
735 2459 819 2490 non
837 2448 1032 2490 omnibus
1061 2447 1323 2502 legionariis,
1349 2447 1420 2490 sed
1434 2453 1599 2491 tantu-m
1621 2446 1678 2489 le—

237 2520 449 2576 qionariis
484 2518 726 2562 cohortibus
755 2509 915 2561 civim
945 2518 1259 2570 Romanorum,
1284 2531 1387 2573 quas
1411 2520 1462 2561 iis
1477 2550 1491 2573 ,
1507 2530 1614 2574 quae
1628 2530 1681 2560 ex

237 2590 458 2648 provinciis
488 2588 672 2633 delectae
702 2594 856 2644 erant,x
874 2588 1042 2632 Tacitus
1072 2589 1287 2645 opposuit,
1315 2594 1521 2633 trecentos
1557 2601 1681 2632 num-

239 2676 330 2707 mos
359 2662 516 2705 viritim
545 2661 709 2717 legavit.
