1905 3135
861 171 939 216 101

188 298 399 352 doctrina,
430 295 500 339 sed
530 307 628 339 cum
674 293 885 337 Catholica
916 293 1086 336 ecclesia
1116 293 1349 335 consentire
1378 291 1613 337 confitearis

188 346 353 401 necesse
382 362 455 400 est.
490 355 571 400 Sed
601 359 857 397 revertamur
886 353 938 395 ad
961 351 1182 396 Hocflum.

155 412 157 415 ’
247 418 401 460 Petrus
433 416 649 460 Cornelius
681 413 991 468 (Corneliszoon
1021 413 1052 454 i.
1074 426 1108 454 e.
1129 411 1296 454 Corneli
1320 411 1458 467 filius)
1476 413 1612 468 Hoof-

188 473 266 520 tus‘
286 474 606 528 Amstelodami,
651 475 696 514 in
730 486 810 527 qua
836 474 940 515 urbe
970 474 1059 515 eius
1089 478 1204 527 pater
1233 472 1386 514 civium
1413 474 1613 528 magister

193 562 241 568 —
276 536 702 592 buergermeisterum
747 534 1042 588 interpretatur
1088 532 1135 574 F.
1173 531 1224 573 A.
1265 532 1385 586 Wolf
1411 556 1460 562 -
1496 540 1584 575 erat
1600 566 1614 588 ,

186 603 308 639 natus
348 601 409 638 est
449 609 485 637 a.
519 594 559 636 d.
592 593 699 635 xvss
725 593 813 635 Kal.
846 585 945 646 A⁸pr.
975 592 1225 634 MDLXXXI.
1274 590 1614 636 Adolescentulus

186 657 356 699 Leidam
390 655 552 696 -missus
590 658 676 707 est,
703 658 749 695 ut
783 652 836 694 ad
870 653 1037 707 linguas
1066 657 1108 692 et
1142 652 1316 692 latinam
1348 656 1389 693 et
1420 665 1612 706 graecam

187 717 447 759 incumberet
490 719 532 756 et
577 711 629 755 ad
662 714 764 756 iuris
794 712 983 755 studium*
1013 725 1056 754 se
1085 711 1306 754 conferret.
1372 711 1613 756 Octodecim

186 777 350 820 circiter
394 788 524 816 annos
559 779 680 815 natus
710 774 789 814 iter
821 774 865 814 in
896 772 1098 826 Galliam,
1128 773 1314 826 Italiam,
1346 771 1615 816 Germaniam

187 836 390 891 suscepit„
429 835 476 877 In
522 835 697 889 patriam
737 838 829 888 post
867 838 950 876 tres
996 846 1125 875 annos
1174 845 1358 876 reversus
1395 834 1437 875 in
1486 847 1616 877 unam

186 897 425 939 societatem
473 894 835 949 Rederykerorum
877 899 1064 948 receptus
1098 907 1196 935 mox
1230 895 1341 952 inter
1376 906 1521 936 omnes
1553 909 1617 937 so-

185 957 269 1000 cios
304 956 487 998 maxime
527 955 731 997 excelluit.
780 952 817 995 A
862 954 1057 996 Mauritio
1091 954 1276 1008 principe
1307 953 1478 996 MDClX
1507 955 1617 998 Mui-

184 1016 315 1059 denae
356 1015 605 1071 praeficitur.
670 1014 790 1067 Quod
818 1015 898 1069 ipsi
927 1014 979 1056 de
1017 1015 1205 1056 muneris
1242 1013 1383 1056 labore
1415 1017 1615 1070 temporis

183 1076 372 1130 dabatur,
402 1081 443 1118 et
469 1076 699 1118 amicorum
730 1074 904 1116 Vondeli
917 1105 930 1129 ,
962 1074 1145 1128 Baarlei,
1182 1074 1323 1127 Vossi,
1356 1074 1613 1131 Huygentis,

98 1163 103 1170 -
183 1136 329 1179 Annae
355 1142 401 1178 et
435 1136 588 1178 Mariae
618 1134 908 1177 Tesselschade
942 1147 1155 1188 sororum,
1189 1134 1381 1176 Roemeri
1408 1134 1614 1178 Visscheri

185 1196 388 1251 filiarum,
402 1201 478 1238 etc.
506 1195 804 1238 conversationi
821 1199 863 1236 et
887 1195 1006 1236 bonis
1035 1194 1165 1236 literis
1195 1193 1406 1248 disposuit.
1429 1195 1614 1238 Plurima

185 1259 363 1312 poetices
404 1269 557 1312 genera
589 1256 756 1311 attigit,
792 1255 1120 1310 elegantissimas
1155 1254 1345 1310 epistolas
1378 1254 1430 1297 ad
1460 1257 1614 1301 amicos

185 1317 311 1358 dedit.
345 1317 484 1357 Vitam
508 1316 676 1357 Henrici
707 1316 792 1369 IV.,
813 1314 1029 1357 Gallorum
1059 1316 1170 1370 regis
1184 1347 1196 1368 ,
1225 1317 1456 1370 enarravit,
1483 1318 1615 1360 brevi-

185 1382 249 1419 ter
268 1389 343 1419 res
374 1375 560 1418 adversas
598 1374 880 1418 Mediceorum
911 1375 1150 1430 complexus
1177 1380 1264 1431 est3
1289 1375 1419 1418 edidit
1433 1376 1614 1434 denique

184 1436 288 1477 illud
316 1443 450 1487 κτῆμα
480 1436 521 1484 ἐς
551 1432 636 1489 ἀεί,
667 1436 928 1489 potissimum
965 1436 1054 1477 eius
1077 1449 1205 1490 opuS,
1226 1436 1338 1489 quod
1355 1438 1614 1482 «Historiae

183 1496 538 1540 Nederlandicae»
598 1495 828 1551 inscripsit,
878 1496 997 1538 cuius
1025 1508 1120 1550 pars
1158 1497 1360 1551 posterior
1399 1503 1491 1553 post
1521 1500 1611 1542 eius

183 1562 362 1598 mortem
398 1558 548 1598 emissa
579 1563 652 1598 est.
701 1557 806 1598 ltem
851 1556 1004 1598 Hoofto
1045 1562 1212 1598 mortuo
1241 1558 1525 1612 interpretatio
1557 1561 1611 1602 li-
1639 1579 1647 1584 ⁷

183 1617 356 1658 brorum
386 1630 410 1658 a
441 1617 583 1658 Tacito
613 1616 941 1670 conscriptorum
955 1648 967 1670 ,
1004 1628 1106 1670 quos
1142 1617 1416 1672 quinquagies
1438 1619 1501 1660 bis
1519 1633 1612 1675 per-

181 1677 313 1731 legit,
339 1676 448 1719 edita
478 1682 550 1718 est.
586 1677 698 1718 Dum
729 1675 838 1730 apud
863 1689 953 1730 noS,
984 1675 1241 1730 GermanOS,
1273 1676 1458 1732 Opitzius
1488 1686 1529 1722 et
1545 1694 1610 1736 ea,

181 1734 300 1794 quae]
328 1737 485 1779 silesica
506 1742 687 1791 vocatur,
728 1741 946 1790 poetarum
977 1736 1115 1778 schola
1150 1742 1191 1777 et
1232 1749 1330 1779 mox
1359 1738 1611 1783 Hoffmanns-

182 1796 429 1839 waldauiani
460 1802 501 1839 et
522 1797 777 1839 Lohnsteinii
809 1810 903 1839 suos
937 1785 1415 1854 conscribebantffibr0s‚
1437 1800 1608 1844 Hollan-

182 1855 271 1899 dica
296 1857 440 1913 lingua
471 1858 630 1900 mirum
656 1858 700 1898 in
721 1856 896 1899 modum
915 1857 966 1898 ab
987 1856 1154 1911 Hoofto,
1170 1857 1370 1913 Vondelo,
1385 1860 1476 1902 aliis
1491 1874 1610 1905 exco-

181 1917 342 1959 lebatur
363 1923 404 1959 et
439 1918 752 1971 emendabatur,
796 1930 919 1972 opera
951 1918 1133 1959 maxime
1159 1919 1329 1973 egregia
1366 1919 1607 1965 edebantur.

185 1975 342 2029 Quibus
371 1979 405 2020 si
440 1983 641 2020 nostrates
672 1989 909 2033 comparas,
945 1990 1015 2020 eos
1045 1978 1090 2019 in
1120 1979 1275 2032 quintis
1300 1981 1472 2023 sextisve
1507 1996 1608 2025 con-

183 2038 331 2081 stitisse
361 2039 465 2093 proh
496 2038 636 2082 dolor!
669 2038 904 2082 confitearis
935 2051 1099 2081 necesse
1129 2043 1203 2081 est.

243 2098 304 2141 De
348 2099 487 2141 Hoofti
530 2100 701 2154 ingenio
732 2104 809 2141 etc.
847 2100 916 2140 alii
947 2099 1029 2141 alio
1064 2098 1190 2140 modo
1218 2100 1505 2154 explicuerunt
1545 2103 1601 2146 cf.

182 2156 347 2201 Brandt
375 2161 457 2201 vita
486 2159 627 2202 Hoofti
640 2191 653 2214 ,
673 2160 725 2201 de
744 2159 883 2215 Glercq
906 2159 1019 2214 (over
1037 2158 1119 2201 den
1137 2159 1301 2203 invloed
1321 2160 1396 2204 der
1413 2163 1607 2208 vreemde

181 2216 269 2259 lett.
302 2219 413 2275 etc.),
445 2233 523 2261 van
553 2220 598 2261 K
596 2233 747 2274 ampen
784 2219 1006 2274 (beknopte
1041 2219 1332 2262 Geschiedenis
1362 2221 1402 2264 d.
1431 2223 1608 2267 letteren

181 2281 602 2336 enwetenschappen
630 2281 676 2322 in
707 2279 758 2323 de
774 2278 1071 2322 Nederlanden
1108 2280 1228 2322 Tom.
1264 2281 1295 2323 Ι.
1337 2282 1526 2338 pluribus
1545 2285 1606 2328 lo-

180 2338 272 2394 cis),
302 2339 348 2382 K
345 2343 473 2396 oniny
506 2342 617 2396 (over
647 2341 719 2384 het
749 2341 827 2383 slot
851 2346 893 2383 te
914 2339 1117 2396 Muiden),
1144 2340 1381 2385 Scheltema
1399 2344 1607 2399 (redevoe-

180 2400 278 2454 ring
321 2413 418 2443 over
465 2400 623 2445 Hooft's
659 2401 865 2456 brieven),
911 2400 1165 2456 Sieqenbeelc
1198 2401 1485 2460 (redevoering
1509 2419 1606 2449 over

182 2459 307 2502 Hooft
332 2461 391 2502 als
423 2461 591 2506 Dichter
612 2476 663 2505 en
689 2461 1116 2518 Geschiedschrijver),
1144 2462 1374 2516 Waqenaar
1396 2465 1609 2524 (Beschrij-

182 2522 280 2576 ving
309 2533 362 2562 en
391 2521 681 2565 Geschiedenis
706 2536 784 2565 van
818 2521 1082 2564 Amsterdam
1117 2522 1161 2565 P.
1195 2523 1282 2578 111),
1312 2525 1363 2566 de
1396 2526 1520 2569 Wind
1537 2528 1609 2581 (bi-

182 2581 326 2624 blioth.
373 2581 412 2624 d.
456 2581 619 2625 Nederl.
646 2582 1008 2637 ,Geschiedschr.),
1052 2582 1158 2639 Ypey
1197 2583 1504 2636 (Geschiedenis
1534 2588 1607 2630 der

182 2641 342 2685 Nederl.
377 2642 476 2684 Taal
508 2642 556 2684 T.
589 2643 606 2683 Ι
638 2649 679 2684 et
713 2644 780 2699 Π).
813 2644 924 2686 Inter
954 2643 1030 2685 hos
1061 2643 1202 2685 nullus
1239 2657 1409 2701 eorum,
1436 2647 1485 2689 ad
1504 2661 1604 2702 quos
