1905 3135
946 232 999 271 18

317 351 413 404 Cap.
452 348 584 390 XLVI.
624 346 893 390 Anmnxnoua
918 361 965 389 'rs
1002 361 1130 390 rarius
1161 361 1264 397 Qum
1300 363 1580 397 remeamus
1602 366 1686 397 mue

254 433 358 461 ninus
389 431 457 471 m,
483 431 516 458 s1
547 429 694 459 mrum
729 430 952 459 SUPPEmTEr
965 450 979 473 ,
1015 432 1265 461 simm'runmn
1298 432 1534 467 nncomus.

311 489 446 542 Quam
492 487 702 543 Bipontini
729 487 996 544 adiecerunt3
1032 489 1069 532 Γ
1104 490 1145 531 Δ
1175 503 1257 545 non
1293 489 1461 535 habent.
1488 490 1572 537 Alii
1602 495 1681 537 alia

249 561 514 601 coniecerunt
545 571 582 600 v.
606 571 642 600 e.
654 558 816 612 Lipsius
847 564 887 600 te
901 559 1241 614 imnwrtalibus3
1261 573 1367 615 quae
1384 561 1418 602 si
1431 573 1680 616 cognoscere

248 631 370 684 velis,
412 630 507 685 lege
545 629 746 672 Walther.
796 629 848 672 ad
878 630 920 672 h.
948 630 977 672 l.
1012 629 1122 683 Quid
1153 644 1177 673 a
1203 632 1346 674 Tacito
1373 632 1573 687 seriptum
1603 619 1679 690 sit,

244 714 370 743 nemo
406 701 541 743 adhue
563 700 675 742 vidit.
709 700 828 755 Vide,
850 714 903 742 an
936 713 1016 755 ego
1047 703 1315 756 reppererim.
1348 703 1507 745 Erroris
1539 716 1680 747 caussa

243 772 439 814 omnibus
484 771 591 825 fuit,
637 771 749 826 quod
785 771 1033 813 vocabulum
1082 772 1281 815 laudibus
1320 772 1607 828 explicuerunt
1627 774 1679 817 de

244 842 432 884 laudibus
465 843 507 882 in
534 843 795 883 sermonibus
821 841 1072 896 quotidianis
1103 841 1322 897 Agricolae
1359 845 1549 886 tributis:
1597 859 1678 900 quo

242 914 347 956 nihil
393 912 537 955 falsius
585 926 672 955 esse
721 918 866 969 potest.
907 912 989 957 Sed
1020 914 1135 968 prius
1166 914 1309 957 locum
1338 914 1680 972 emendabimus,

241 991 355 1038 tum,
386 996 469 1038 quo
513 983 639 1026 modo
678 983 946 1038 explicandus
982 985 1058 1038 sit,
1089 983 1334 1042 videbimus.
1364 984 1559 1028 Rescribe
1588 1005 1608 1024 α
1626 1012 1676 1018 .-

239 1056 402 1109 potius,
443 1055 515 1096 TE
546 1054 933 1097 mEMoraBIlibus
976 1056 1174 1097 laudibus
1200 1050 1277 1097 etc.
1308 1053 1496 1110 Syllabas
1522 1057 1681 1100 medias

243 1137 363 1180 saepe
393 1124 590 1167 excidisse
623 1125 709 1166 iam
748 1124 926 1166 vidimus
951 1137 1074 1179 supra
1109 1129 1151 1166 et
1176 1124 1407 1166 videbimus
1438 1126 1599 1180 saepius
1620 1127 1676 1169 ef.

244 1211 279 1239 e.
309 1211 344 1240 c.
378 1197 498 1239 Tom.
531 1196 568 1238 Π
594 1210 635 1251 p.
663 1195 821 1251 475,1.
841 1197 896 1251 73
927 1196 980 1239 de
1003 1197 1143 1240 vocab.
1176 1196 1454 1240 memorabile
1471 1196 1527 1240 ef.
1557 1197 1680 1241 Corte

241 1268 293 1310 ad
327 1266 493 1311 Sallust.
533 1266 652 1309 Catil.
681 1268 732 1321 4,
770 1268 796 1309 4
833 1281 872 1323 p.
903 1267 984 1322 293
1013 1268 1213 1310 laudibus
1241 1280 1327 1310 non
1353 1267 1405 1309 ad
1440 1265 1682 1323 Agricolam

241 1338 511 1381 referendum
568 1344 650 1391 est,
681 1338 754 1380 sed
784 1339 836 1381 ad
863 1340 952 1381 eius
982 1339 1117 1380 filiam
1143 1345 1186 1381 et·
1211 1351 1436 1394 generum,
1474 1339 1528 1381 ad
1561 1341 1681 1383 Taci-

241 1416 334 1451 tum
376 1410 547 1464 eiusque
578 1410 804 1464 coniugem
821 1414 986 1451 :recte
1018 1408 1159 1464 factis,
1190 1410 1410 1452 virtutibus
1440 1409 1497 1452 cf.
1521 1410 1679 1454 Forcel.

242 1483 287 1523 in
323 1495 358 1523 v.
388 1481 497 1523 Inest
533 1481 578 1522 in
606 1480 738 1523 verbis
763 1480 935 1535 elegans
968 1480 1168 1535 gradatio.
1198 1479 1262 1523 Ab
1292 1480 1569 1523 admiratione
1590 1494 1680 1536 pro-

242 1552 459 1607 gredimur
503 1552 555 1593 ad
587 1553 884 1606 imitationem,
916 1552 967 1594 ab
999 1553 1232 1594 imitatione
1263 1551 1315 1594 ad
1346 1552 1678 1596 similitudinem.

242 1623 324 1667 Sed
371 1625 457 1665 iam
494 1636 670 1665 manum
702 1623 754 1665 de
790 1623 950 1665 tabula!
984 1623 1115 1665 Locus
1155 1628 1216 1665 est
1257 1623 1586 1678 pulcherrimus,
1611 1624 1679 1666 cui

239 1696 369 1750 longa
395 1695 666 1750 explicatione
697 1708 751 1737 ne
786 1696 871 1736 vim
891 1708 1119 1750 nervosque
1135 1694 1341 1751 detrahas,
1358 1693 1587 1738 verendum
1602 1701 1676 1738 est.

242 1768 349 1826 Loci.
364 1768 570 1822 elegantia
604 1766 766 1808 facilius
799 1767 1070 1821 intelligitur,
1096 1779 1224 1820 quam
1257 1767 1497 1821 explicatur.

304 1839 391 1881 Hoc
431 1839 521 1881 loco
562 1851 730 1893 omnes,
757 1851 871 1892 quos
913 1838 1148 1893 philologos
1188 1851 1332 1881 vocare
1367 1839 1569 1891 solemus,
1605 1850 1679 1879 oro

244 1922 450 1964 rogoque,
493 1914 539 1951 ut
558 1908 626 1950 'ad
646 1928 649 1930 >
666 1908 1004 1963 psychologiam,
1030 1920 1157 1962 quam
1192 1908 1316 1950 multi
1352 1909 1478 1950 nimis
1508 1907 1679 1961 despici-

246 1986 322 2021 unt
371 1985 413 2021 et
453 1985 755 2033 contemnunt,
801 1980 917 2021 omni
965 1978 1101 2021 studio
1139 1979 1384 2022 incumbant
1415 1985 1458 2022 et
1490 1978 1676 2031 discant,

244 2063 313 2092 eos
340 2064 382 2092 se
408 2063 496 2093 esse
520 2050 704 2106 fingere,
740 2051 810 2105 qui
838 2050 1056 2105 scriptores
1076 2056 1173 2093 sunt
1192 2050 1291 2107 (Cic.
1313 2051 1430 2093 Fam.
1456 2051 1504 2105 5,
1525 2050 1595 2103 12,
1616 2048 1678 2103 2),

244 2134 424 2175 quorum
455 2122 577 2163 verba
610 2127 818 2163 enarrant.
853 2120 963 2173 Quot
996 2123 1223 2176 quantique
1254 2127 1352 2164 sunt
1383 2126 1596 2165 accuratae
1611 2119 1676 2161 di-

245 2192 494 2247 ligentisque
525 2192 818 2248 psychologiae
849 2193 1104 2234 tractationis
1136 2191 1319 2236 fructus!
