1905 3135
566 610 836 680 CAPUT
897 601 1267 678 PRIMUM.

272 820 427 890 Ayitar
457 836 508 877 de
538 835 701 890 aliquot
733 834 861 888 locis,
890 833 967 890 qai
996 833 1109 888 apud
1144 830 1336 875 Tacitwm
1365 830 1414 872 in
1446 828 1555 872 libro

493 904 691 959 Aqricola
720 904 924 959 inscripto
956 903 1168 958 lequntur,
1197 914 1339 943 emen—

658 975 812 1018 dandis
841 980 882 1017 et
912 973 1190 1029 explicandis.

794 1105 1049 1126 ψ

269 1202 459 1256 Gaudeo,
504 1202 615 1257 quod
661 1203 832 1257 plurimi
863 1202 958 1244 loci·
974 1203 1058 1243 sive
1093 1202 1275 1256 corrupti
1306 1201 1389 1242 sive
1423 1198 1636 1241 intellectu

209 1273 425 1328 difficiles,
460 1274 532 1328 qui
569 1274 613 1315 in
644 1274 751 1315 libro
782 1287 806 1315 a
824 1273 968 1315 Tacito
988 1271 1181 1328 Agricola
1202 1271 1398 1327 inscripto
1422 1270 1638 1326 leguntur,

211 1360 231 1387 a
262 1346 356 1387 viris
388 1346 517 1388 doctis
547 1346 631 1387 iam
656 1350 767 1387 recte
791 1344 856 1387 vel
881 1344 1090 1386 emendati
1117 1344 1181 1386 vel
1211 1344 1400 1399 explicati
1436 1348 1546 1385 sunt.
1571 1341 1640 1386 Sic

210 1429 247 1458 e.
280 1429 316 1458 c.
345 1428 471 1458 nemo
501 1416 678 1470 amplius
712 1416 899 1457 haerebit
935 1416 979 1456 in
1007 1416 1138 1457 verbis
1167 1428 1256 1469 cap.
1288 1415 1333 1469 I,
1370 1426 1524 1469 «quam
1554 1426 1640 1455 nou

211 1489 404 1542 petissem
439 1488 762 1529 incusaturus„„
791 1492 1006 1541 tempora»
1045 1501 1069 1529 a
1096 1487 1240 1530 Wexio
1261 1491 1372 1529 recte
1388 1485 1640 1541 explanatis3

210 1571 297 1613 cap.
329 1559 384 1600 ΙΙΙ
409 1550 597 1600 Beroaldi
624 1558 846 1600 lectionem
882 1557 1179 1600 «facilitatem»
1215 1571 1267 1599 ex
1286 1570 1404 1599 mero
1418 1568 1640 1612 operarum

211 1642 350 1672 errore
387 1633 521 1671 ortam
566 1642 653 1671 esse
690 1634 853 1671 certum
894 1634 968 1671 est.
1017 1628 1116 1684 Cap.
1152 1629 1208 1670 vl
1236 1629 1459 1671 lectionem
1483 1627 1574 1670 cod.
1605 1628 1643 1669 Γ

222 1699 372 1743 «ludos
401 1704 443 1741 et
463 1686 603 1741 inania
623 1704 731 1742 etc.»
763 1704 875 1741 recte
899 1700 1093 1754 explicuit
1110 1699 1370 1754 Duebnerus3
1389 1711 1644 1753 quamquam

216 1769 415 1812 facillima
453 1769 651 1813 Hofmani
696 1770 953 1825 Peerlkampi
990 1776 1031 1812 et
1076 1771 1200 1813 Rothi
1230 1771 1467 1814 coniectura
1503 1769 1645 1812 media

216 1854 301 1884 non
332 1841 602 1896 improbanda
633 1846 706 1884 est.
739 1840 839 1896 Cap.
865 1841 935 1883 XV
966 1841 1080 1884 locus
1118 1842 1317 1884 «alterius
1347 1854 1497 1883 manus
1527 1846 1634 1883 etc.»

215 1912 267 1954 ab
300 1911 509 1954 Odofredo
544 1912 745 1954 Muellero
781 1917 892 1954 recte
919 1913 1166 1954 constitutus
1196 1917 1269 1955 est.
1303 1912 1401 1967 Cap.
1420 1912 1508 1954 XVI
1524 1911 1645 1954 Haud

217 1983 326 2024 male
357 1983 525 2024 Wexius
560 1982 795 2025 emendavit
843 1984 1053 2025 «restituit
1091 1984 1387 2039 (tenentibus...
1421 1983 1647 2039 agitabat),

217 2054 260 2095 ni
275 2065 531 2108 quamquam
535 2086 624 2095 ......
648 2052 809 2096 deditus
825 2058 889 2103 et,
909 2059 954 2095 ut
973 2066 1070 2096 suae
1086 2055 1286 2109 cuiusque
1309 2060 1386 2096 etc.
1402 2085 1415 2109 ,
1446 2053 1558 2108 quod
1578 2066 1647 2095 re·-

218 2125 326 2179 cepit
374 2123 470 2179 Or.;
504 2127 758 2179 quamquam
789 2137 867 2180 ego
909 2125 1055 2166 malim
1090 2126 1307 2168 «restituit.
1340 2125 1645 2184 Tenentibus...

219 2197 421 2251 agitabat,
453 2210 529 2251 ne,
560 2209 815 2251 quamquam
848 2202 982 2239 cetera
987 2230 1062 2239 .....
1099 2203 1164 2250 et,
1207 2203 1252 2238 ut
1302 2211 1400 2239 suae
1445 2195 1650 2251 QUlSque

220 2267 396 2309 iniuriae
430 2267 542 2309 ultor
578 2267 648 2322 (sc.
677 2267 892 2309 consulere
906 2267 1043 2322 solet),
1060 2267 1204 2309 durius
1224 2268 1480 2322 consuleret,
1501 2269 1652 2313 missus

221 2336 599 2381 SUFFICITUR....
619 2339 773 2381 mitior.
811 2338 1056 2394 Compositis
1082 2345 1159 2381 ete.
1190 2339 1273 2389 Ne,
1305 2352 1559 2395 quamquam
1575 2352 1650 2393 pro

222 2408 394 2464 nequaq’
425 2411 478 2465 P,
493 2412 612 2454 cuius
627 2424 774 2467 margo
796 2409 886 2465 neq’
904 2411 1083 2454 relatum
1098 2411 1150 2454 ad
1171 2413 1350 2467 primam
1366 2411 1591 2467 syllabam,
1607 2416 1654 2453 ut

223 2482 275 2523 sit
302 2493 355 2522 ne
382 2484 842 2538 quamquam,.habet,
878 2482 1144 2526 scribendum
1170 2489 1255 2538 est,
1286 2483 1398 2538 quod
1414 2483 1516 2525 Hist.
1535 2483 1578 2529 44
1595 2482 1652 2524 68

224 2553 433 2595 Mercerus
463 2559 574 2596 recte
594 2568 667 2609 pro
698 2568 962 2610 nequaquam
992 2554 1034 2596 Μ
1060 2556 1240 2597 restituit
1255 2569 1269 2609 3
1284 2555 1493 2612 sufficitur
1509 2563 1650 2596 emen-

224 2624 314 2668 davi
344 2638 419 2681 pro
449 2625 603 2680 igitur,
635 2627 790 2682 syllaba
823 2625 893 2670 suf
920 2627 972 2670 ob
1003 2626 1316 2670 antecedentem
1352 2640 1420 2669 sus
1454 2626 1653 2668 omissum
