1905 3135
907 222 911 226 '
943 217 969 257 4

241 349 262 376 a
305 332 561 377 Boettichero
601 331 762 374 editum
794 332 949 377 Davide
977 334 1210 391 Lennepio,
1241 338 1330 381 viro
1363 347 1405 383 et
1434 338 1667 385 doctissimo

238 410 279 446 et
309 403 620 457 officiosissimo,
636 403 918 446 intercedente
949 404 1002 446 ad
1017 418 1088 448 me
1108 407 1399 451 transmissum
1412 417 1487 454 est.
1523 411 1667 464 Doleo,

236 474 362 528 quod,
379 480 425 515 ut
454 486 504 515 ex
535 473 805 516 Ultraiectino
834 473 887 515 ad
919 473 1116 517 Rhenum
1148 476 1208 516 illi
1240 476 1335 518 libri
1366 478 1418 519 ad
1445 493 1513 523 me
1541 487 1666 523 trans-

235 545 513 598 mitterentur,
545 545 767 598 impetrare
797 556 963 598 quoque
994 547 1175 599 nequivi.
1226 546 1487 590 Doederleini
1517 551 1664 594 editio-

234 628 331 657 nem
362 629 386 657 a
402 614 603 669 Bosscha,
622 616 796 669 egregio
815 614 1210 658 Amstelodamensis
1230 616 1434 660 Athenaei
1450 623 1666 676 magistro,

233 686 393 740 accepi:
427 698 474 727 ea
506 684 574 728 hic
589 685 674 728 illic
706 686 767 728 uti
798 692 987 741 poteram
1013 691 1109 728 ante
1135 685 1210 727 has
1227 699 1342 729 meas
1357 687 1667 734 emendationes

231 758 378 800 formis
408 758 707 801 describendas,
741 758 888 800 Nullos
917 759 1239 801 commentarios
1269 758 1562 814 philologicos,
1583 763 1667 804 sive

231 828 425 884 singulis,
468 829 550 870 sive
581 829 714 871 tertiis
744 829 979 884 quibusque
1010 829 1165 871 mensis
1197 833 1274 870 etc.
1308 828 1512 884 eduntur,
1542 831 1662 885 lego:

230 914 328 942 nam
359 907 400 941 et
415 913 484 942 eos
504 900 780 954 cognoscendi
814 907 997 955 tempus,
1028 908 1090 954 et,
1122 915 1202 954 qua
1220 901 1324 942 mihi
1342 913 1412 942 eos
1425 913 1666 956 comparare

228 972 406 1026 possim,
435 972 611 1026 pecunia
642 971 768 1014 deest.
795 970 874 1014 Cui
895 972 955 1020 rei
973 970 1273 1014 adcribendum
1296 970 1395 1026 erit,
1413 971 1448 1013 si
1463 973 1572 1027 quis,
1590 975 1664 1029 qui

229 1043 336 1084 forte
367 1044 410 1084 in
441 1042 643 1097 eandem,
687 1044 731 1084 in
769 1055 896 1097 quam
927 1048 969 1084 et
999 1056 1101 1097 ego,
1131 1044 1415 1085 coniecturam
1447 1042 1661 1093 inciderit,

229 1128 252 1155 a
283 1126 351 1156 me
382 1126 466 1156 non
496 1121 863 1156 commemoratur.
896 1114 1002 1156 Nam
1033 1128 1057 1155 a
1089 1114 1221 1168 gloria
1248 1113 1401 1157 falcem
1419 1126 1560 1156 meam
1581 1115 1664 1161 im-¹

228 1183 431 1226 mittendo
461 1185 506 1225 in
537 1185 718 1226 alienam
748 1193 927 1226 messem
958 1183 1236 1239 comparanda
1251 1197 1378 1239 quam
1394 1185 1468 1239 qui
1483 1185 1666 1228 maxime

228 1255 385 1296 alienus
415 1267 524 1297 sum.
1084 1286 1086 1288 ψ

286 1326 369 1381 Ea,
399 1339 505 1381 quae
536 1326 606 1369 hic
637 1326 803 1369 libellus
833 1327 1044 1380 continet,
1066 1338 1189 1381 opera
1210 1326 1288 1389 levi
1305 1338 1461 1381 augere
1476 1331 1663 1381 poteram

229 1411 263 1439 v.
306 1411 341 1440 c.
391 1398 583 1440 addendo
627 1399 857 1453 permultos
902 1399 1039 1452 locos,
1087 1399 1131 1439 in
1162 1398 1313 1452 quibus
1344 1398 1427 1440 VV.
1461 1398 1549 1441 DD.
1582 1398 1661 1441 hoc

228 1467 379 1509 illudve
408 1468 657 1510 vocabulum
687 1468 997 1523 explicuerunt,
1024 1468 1203 1509 aliorum
1223 1468 1473 1522 scriptorum
1489 1473 1531 1509 et
1547 1481 1659 1523 grae·

226 1551 372 1580 corum
403 1544 445 1580 et
474 1539 700 1580 latinorum
731 1539 842 1580 locos
872 1539 957 1580 sive
986 1544 1225 1592 corruptos,
1246 1540 1330 1580 sive
1346 1538 1560 1580 intellectu
1581 1538 1662 1580 dif-

224 1608 355 1651 ficiles
400 1608 661 1652 inmiscendo
691 1608 932 1651 emendatas
962 1613 1004 1651 et
1034 1609 1254 1664 explicatas
1284 1613 1327 1651 et
1356 1620 1462 1663 quae
1493 1599 1590 1651 sunt
1619 1607 1661 1650 id

226 1693 359 1734 genus
389 1681 522 1735 plura.
585 1680 641 1722 At
671 1680 939 1723 ostentandae
970 1681 1055 1734 illi,
1087 1687 1133 1722 ut
1160 1681 1216 1721 ita
1248 1679 1410 1735 dicamp,
1427 1680 1659 1737 versicolori

224 1750 437 1794 doctrinae
481 1751 689 1806 permulta
730 1751 935 1806 permixte
966 1763 990 1793 e
1021 1763 1119 1793 suae
1149 1751 1290 1806 copiae
1325 1763 1457 1793 cornu
1485 1748 1660 1806 profun—

224 1823 338 1865 denti
371 1825 684 1865 inimicissimus
713 1836 822 1865 sum.
857 1823 963 1865 Hinc
994 1823 1179 1877 Disseni,
1203 1823 1458 1876 Hermanni,
1479 1821 1663 1874 Jacobsi,

224 1893 462 1949 Kuehneri,
505 1893 656 1948 Orelli,
699 1893 879 1936 aliorum
924 1893 1161 1948 elegantem
1191 1905 1362 1947 eorum,
1393 1906 1499 1948 quae
1530 1892 1660 1947 expli—

225 1965 356 2007 canda
404 1970 524 2019 sunt,
571 1964 781 2007 delectum
828 1966 966 2019 magis
1007 1964 1191 2006 admiror
1221 1964 1434 2018 plurisque
1464 1964 1664 2016 aestimo,

224 2049 351 2090 quam
393 2037 484 2077 illas
516 2036 795 2078 Obbariorum
827 2036 976 2089 hisque
1007 2035 1210 2076 similium
1240 2035 1450 2088 ambages.
1491 2033 1666 2087 Semper

224 2107 536 2148 amantissimus
566 2106 681 2148 verbi
714 2106 826 2147 illius
857 2106 908 2146 ab
940 2105 1110 2147 Horatio
1141 2105 1314 2160 prolati:

916 2208 1066 2243 «Brevis
1090 2218 1161 2243 esse
1185 2207 1297 2242 laboro
1310 2219 1348 2247 ‚»

224 2288 364 2325 tamen
396 2282 500 2325 illud
532 2283 675 2337 triste,
705 2281 818 2337 quod
849 2281 1043 2336 sequitur

1108 2361 1299 2397 «Obscurus
1312 2362 1392 2408 fio»

224 2476 374 2517 evitare
415 2473 569 2516 studui.
634 2471 843 2524 Quantam
875 2469 1103 2519 maximam
1133 2479 1304 2521 operam
1334 2478 1552 2519 nunquam
1571 2474 1658 2505 non

225 2544 339 2600 dedi,
372 2551 418 2588 ut
454 2546 499 2586 in
530 2543 630 2587 locis
661 2555 684 2584 a
714 2539 1046 2596 corruptelarum
1088 2536 1276 2580 sordibus
1307 2535 1529 2579 iudicando
1558 2545 1657 2589 pur-

226 2617 369 2670 gandis
413 2618 712 2670 circumspecte
739 2635 743 2645 ι
758 2624 956 2668 agerem,
998 2622 1189 2664 semper,
1235 2610 1280 2649 in
1322 2613 1526 2662 quantum
1562 2604 1655 2645 fieri

224 2688 380 2741 potuit,
422 2702 491 2741 ea,
534 2699 639 2741 quae
681 2685 773 2726 libri
824 2681 940 2726 MSS.
986 2679 1191 2734 offerunt,
1234 2678 1456 2735 sequendo.
