1905 3135
966 205 993 271 ,8

263 333 346 381 εει,
362 327 457 380 quia
474 301 759 379 suf‘scriptum
781 327 885 376 erat,
904 305 1300 376 aterumTexcidit,
1314 324 1371 367 cf.
1392 328 1513 371 Tom.
1529 329 1598 383 lp.
1620 325 1693 382 56,

263 398 290 438 l.
309 397 379 449 183
396 396 512 449 cinq
528 399 749 436 mutatum.
769 391 823 434 cf.
843 392 963 433 Tom.
982 392 1055 446 Ip.
1074 392 1150 445 ⁴4,
1164 392 1192 433 1.
1213 391 1263 446 73.
1271 405 1312 447 p.
1329 393 1405 449 49,
1420 397 1450 439 l.
1468 399 1514 453 43
1529 412 1569 453 p.
1590 393 1693 453 184,

261 469 287 508 l.
323 466 470 519 1931).
506 462 884 517 217‚1.1;.Tom.
912 461 1004 516 Hp.
1025 460 1144 515 96,1.
1162 461 1270 515 431).
1289 460 1407 516 97,1.
1430 465 1563 521 1931).
1582 469 1693 523 242,

260 532 287 576 l.
327 537 376 589 13
410 535 579 588 eiusque
618 532 655 575 A
685 532 810 574 habet
827 563 840 585 ,
881 530 954 572 sed
978 530 1290 574 emendandum
1317 537 1379 575 est
1407 535 1604 592 quisque,
1634 539 1694 581 sic

260 607 379 647 Tom.
412 606 450 658 1,
483 618 521 658 p.
558 604 670 657 148,
702 603 729 644 1.
769 604 796 645 9
824 603 866 644 Μ
896 602 1021 644 babet
1045 602 1221 658 cuique,
1251 603 1362 658 quod
1388 609 1499 646 recte
1530 605 1689 652 Beroal.

258 677 431 718 mutavit
477 676 519 716 in
561 675 727 730 quique.
781 673 879 728 Cap.
925 672 1030 716 XXX
1068 674 1211 716 «sinus
1254 674 1391 719 famae
1435 681 1546 719 etc.»
1606 690 1692 721 om-

257 748 373 789 mino
410 759 507 788 cum
554 745 740 799 Peerlkp.
757 777 770 799 ,
822 745 958 787 Rotho
999 750 1075 787 etc.
1121 745 1260 790 famae
1300 760 1375 802 pro
1416 747 1564 791 dativo·
1587 750 1693 791 acci-

258 818 455 873 piendum
504 822 578 859 es't.
627 815 719 858 Alia
759 815 896 859 adhuc
936 816 1085 871 dubia,
1131 823 1324 873 corrupta
1368 823 1447 862 etc.
1494 819 1691 876 fortasse,

255 902 386 944 quum
411 888 537 931 editio
575 902 598 930 a
630 888 776 931 Wexio
817 889 1019 942 promissa
1058 893 1100 931 et
1129 893 1216 930 tam
1246 888 1319 932 diu
1349 895 1580 946 exspectata
1613 893 1692 934 erit

256 961 446 1016 vulgata,
483 964 594 1001 certa
625 966 667 1001 et
706 958 925 1001 emendata
968 965 1104 1001 erunt.
1159 958 1240 1003 Sed
1276 961 1361 1004 iam
1389 961 1441 1003 ad
1476 961 1545 1017 id,
1580 963 1691 1017 quod

254 1032 373 1073 nobis
413 1031 729 1086 proposuimus,
766 1029 1097 1086 progrediamur.
1131 1030 1381 1085 Incipiamus
1416 1045 1441 1074 a
1464 1034 1688 1088 corruptis-

256 1103 361 1143 simo
392 1102 483 1143 loco
513 1114 601 1155 cap.
634 1100 682 1143 X.

323 1222 536 1263 «omnm
569 1235 633 1262 sssr
665 1235 710 1263 m·
742 1221 865 1275 Tum,
896 1219 1021 1272 com-1·
1054 1234 1242 1263 inermus
1273 1235 1406 1265 lassum
1421 1235 1468 1264 m·
1490 1236 1603 1265 uleus
1622 1238 1689 1267 ΑΒ·

255 1306 401 1346 naun,
437 1306 505 1333 sm)
536 1306 640 1333 mur:
671 1305 812 1340 monum
844 1305 890 1332 m·
921 1305 1043 1334 cmvi:
1075 1304 1347 1334 nauticam-mus
1378 1305 1609 1349 resumam,
1639 1307 1688 1337 ur.

257 1377 388 1407 VENTIS
417 1377 562 1414 QUIDEM
592 1376 754 1406 {²133anss
786 1375 939 1406 ATTOLLI
971 1368 1080 1406 ele-¹³

310 1457 489 1513 Ascripsi
531 1463 573 1500 et
619 1469 782 1512 semper
829 1457 1031 1499 ascribam
1085 1458 1206 1499 verba
1249 1458 1380 1500 Taciti
1426 1470 1478 1500 ex
1505 1458 1688 1502 editione

250 1528 472 1572 Orelliana.
507 1529 602 1572 Jam
635 1528 801 1582 singula
829 1528 955 1570 huius
981 1529 1059 1570 loci
1085 1529 1231 1581 verba,
1258 1534 1462 1581 quatenus
1478 1542 1581 1583 opus
1599 1543 1687 1573 esse

250 1599 354 1640 mihi
407 1598 593 1653 videtur,
643 1594 954 1653 persequamur.
1019 1598 1218 1652 Dispecta
1247 1603 1309 1640 est
1339 1622 1379 1639 =
1415 1605 1632 1654 conspecta
1663 1613 1707 1654 e-

249 1670 502 1725 longinquo,
532 1671 648 1724 quasi
681 1683 755 1724 per
790 1669 1028 1723 caliginem.
1066 1668 1168 1712 Stat.
1203 1668 1302 1712 Silv.
1337 1671 1387 1724 5,
1413 1670 1467 1724 5,
1499 1670 1557 1713 20
1579 1673 1688 1714 vada

247 1741 482 1794 aaliqantia
518 1741 656 1782 Tales.
692 1739 746 1781 cf.
784 1739 975 1781 Doederl.
1009 1739 1073 1781 ad.
1102 1739 1144 1781 h.
1178 1739 1206 1780 l.
1232 1740 1293 1781 De
1324 1741 1525 1795 scriptura
1557 1742 1688 1797 Thyle

246 1812 302 1855 cf.
327 1813 502 1867 interpp.
527 1811 578 1853 ad
611 1812 654 1854 h.
687 1812 716 1853 l.
753 1817 794 1853 et
824 1811 1007 1865 Wagner
1036 1810 1087 1852 ad
1119 1811 1234 1865 Virg.
1275 1811 1348 1853 Ge.
1384 1814 1424 1866 1,
1453 1812 1525 1855 50.
1564 1813 1683 1855 Multi

249 1884 430 1926 Thulem
472 1888 621 1938 putant
666 1895 753 1924 esse
795 1881 1040 1936 islandiam,
1093 1881 1163 1923 alii
1195 1882 1450 1937 Mainland,
1481 1883 1683 1926 maiorem

247 1954 481 1997 insularum
513 1953 767 2002 Sabellam,
801 1965 927 2007 quam
956 1952 1141 1994 Gosselin
1175 1953 1430 1996 Recherclzes
1453 1954 1521 2008 lv,
1537 1967 1576 2009 p.
1597 1954 1682 1997 169

245 2026 357 2081 apud
393 2025 672 2068 Burnoufium
704 2030 800 2065 ante
837 2024 939 2065 haec
971 2023 1055 2065 duo
1083 2024 1219 2065 secula
1248 2024 1385 2066 adhuc
1412 2025 1521 2081 Thyl
1549 2026 1683 2080 appel-

244 2098 372 2140 latam
401 2096 530 2140 fuisse
565 2095 721 2149 refert,
752 2108 840 2137 esse
872 2094 1124 2149 probabilius
1156 2093 1325 2136 credere
1345 2095 1575 2138 videantur.
1599 2096 1678 2139 vid.

245 2167 370 2210 Orell.
408 2168 459 2209 ad
500 2168 553 2223 h..
576 2167 605 2209 l.
639 2166 755 2218 Quae
786 2170 1018 2219 sequuntur
1044 2165 1191 2218 verba,
1221 2167 1532 2220 corruptissima
1564 2172 1682 2221 sunt,

243 2253 370 2295 quare
396 2240 614 2295 explicari,
651 2239 788 2292 inquit
812 2236 901 2291 Or.,
929 2249 1014 2279 non
1044 2241 1228 2291 possunt.
1269 2237 1485 2280 Hactenus
1518 2238 1682 2281 iussam

241 2316 283 2353 et
322 2312 447 2353 habet
490 2311 531 2351 Δ
575 2314 794 2363 corrupte,
838 2308 889 2349 de
918 2307 956 2349 Γ
986 2320 1071 2349 non
1110 2308 1206 2349 satis
1232 2313 1403 2350 constat.
1441 2307 1487 2349 Id
1524 2322 1680 2364 unum,

242 2382 355 2424 addit
396 2382 484 2436 On,
520 2382 736 2435 dispicitur
776 2393 825 2422 ex
869 2384 1032 2433 recepta
1073 2378 1258 2420 melioris
1299 2379 1390 2421 cod.
1423 2380 1460 2420 Γ
1480 2364 1488 2373 ”
1505 2381 1682 2423 lectione

243 2453 433 2508 abdebat,
464 2454 507 2495 in
543 2464 671 2508 quam
698 2452 829 2494 etiam
860 2450 1085 2493 Rhenanus
1119 2450 1356 2493 coniectura
1380 2450 1549 2507 incidit,
1584 2463 1677 2494 eam

245 2526 441 2574 insulam,
472 2526 547 2567 etsi
579 2524 819 2565 rumoribus
856 2527 999 2564 notam
1030 2523 1114 2563 iam
1146 2522 1327 2576 Pytheae
1365 2522 1485 2577 (Plin.
1511 2524 1562 2576 2,
1595 2522 1676 2574 725,

244 2595 356 2652 77.),
383 2601 494 2639 certe
530 2610 554 2638 a
581 2596 869 2639 Romanorum
900 2594 1070 2636 nemine
1100 2598 1197 2636 ante
1229 2593 1338 2636 hanc
1371 2594 1675 2651 expeditionem

240 2674 499 2721 conspectam
527 2680 627 2709 esse.
694 2666 844 2707 Multas
876 2670 916 2706 et
949 2665 1310 2719 interpretationes
1334 2671 1376 2708 et
1402 2666 1678 2715 coniecturas,
