1905 3135
925 169 979 210 24

251 289 516 343 «Ρνειθεῑειῑρ»
534 289 727 342 inquit,«
709 287 781 327 «in
811 287 954 329 Tacito
978 287 1192 340 variatio«,
1217 299 1299 340 qua
1330 290 1488 333 ratione
1519 289 1659 332 induc-

240 367 305 403 tus
331 374 408 414 ego
438 360 481 403 h.
511 360 539 402 l.
578 365 626 401 ut
653 357 939 412 recipiendum
969 371 1057 401 esse
1087 357 1223 401 credo

297 430 393 485 Cap.
426 425 580 472 XXVII.
611 442 650 483 p.
681 427 784 482 267,
810 428 838 470 I.
870 428 911 481 13
939 432 986 469 ut
1016 428 1060 470 h.
1085 429 1113 469 I.
1138 428 1372 476 observant,
1409 430 1466 472 ita
1497 444 1536 485 p
1557 431 1659 485 566,

236 500 262 541 l.
299 500 318 540 1
358 500 529 548 invicem
553 504 594 541 et
620 512 658 552 p
688 498 841 552 574,1.
864 497 904 539 7.
927 497 1052 552 Usipi
1081 511 1132 540 ex
1168 499 1199 540 P
1233 498 1517 553 recipiendum
1553 508 1626 544 est.

296 570 391 625 Cap.
441 569 557 613 XXX.
601 582 640 624 p.
694 569 799 624 575,
839 569 866 611 l.
910 569 995 671 1¹2>
1018 569 1245 612 absolverit
1279 569 1322 612 P.
1360 569 1566 625 praefero,
1602 572 1655 615 cf.

233 642 427 683 Kuehner
459 655 520 696 gr.
551 642 619 683 lat.
653 654 693 695 p.
728 641 832 694 412,
858 640 938 682 ΝΟ.
1004 639 1110 694 ,.ed
1143 640 1225 682 ΙΙ.

293 712 386 766 Cap.
426 712 596 753 XXXIII.
630 725 669 765 p.
704 712 761 752 57
766 713 808 765 5
846 711 874 752 l.
906 711 949 765 9·
986 712 1019 751 si
1049 711 1080 751 P
1100 711 1225 753 habet
1254 724 1394 753 revera
1411 712 1659 766 ualentibus

229 782 327 825 IAM
376 784 551 838 imperii
596 782 722 838 fatis,
768 795 853 825 non
905 781 1186 825 omittendum
1230 795 1318 826 esse
1363 782 1500 826 credo:
1548 782 1657 839 quod

229 860 318 908 post
345 868 474 909 pauca
501 856 623 896 verba
656 856 871 910 repetitur,
897 867 981 897 non
1017 854 1166 897 idonea
1178 855 1423 898 vocabulum
1439 856 1657 912 spernendi

226 939 366 967 caussa
401 931 474 968 est.
503 925 558 968 cf.
587 925 657 968 Or.
691 926 811 968 Tom.
847 926 898 980 Π,
929 940 969 981 p.
1003 926 1076 980 51,
1106 926 1135 969 l.
1171 926 1243 980 183

287 995 384 1051 Gap.
423 996 576 1053 XXXV.
610 1011 649 1052 p.
685 997 841 1052 577,1.
877 998 920 1051 ‘23
947 996 1068 1050 Quod
1102 998 1295 1052 primitus
1330 998 1373 1037 in
1401 997 1431 1038 P
1462 997 1545 1039 fuit
1569 1011 1658 1039 ma-

230 1068 314 1109 luit
351 1068 637 1124 recipiendum
671 1074 733 1110 est
752 1092 791 1111 =
820 1081 952 1122 usque
982 1067 1033 1109 ad
1063 1068 1142 1110 hoc
1167 1073 1332 1122 tempus
1360 1073 1472 1110 certe
1494 1069 1654 1110 maluit.

286 1137 348 1180 lh.
393 1138 420 1180 l.
471 1137 512 1181 6.
551 1138 664 1181 Licet
712 1138 822 1181 solus
867 1138 1016 1180 habeat
1067 1137 1111 1181 P.
1146 1137 1213 1180 ET
1246 1138 1306 1188 si,
1337 1138 1504 1194 vulgato
1534 1152 1582 1182 ac
1617 1139 1658 1181 si

224 1208 426 1262 praefero.

286 1280 381 1335 Cap.
411 1280 601 1334 XXXVII.
636 1295 675 1335 p.
715 1280 819 1335 580,
847 1281 886 1323 5.
917 1281 960 1322 Ρ.
980 1281 1102 1323 habet
1119 1294 1270 1323 rursus
1286 1280 1513 1335 indepulsi
1530 1281 1550 1322 ἲ
1560 1294 1658 1335 pro-

223 1350 358 1393 mimis
389 1352 660 1407 temporibus,
705 1351 817 1394 unde
852 1351 1165 1394 rescribendum
1197 1364 1284 1394 esse
1311 1350 1434 1394 credo
1450 1364 1540 1393 rur.
1558 1352 1658 1394 inde

218 1422 339 1476 pulsi
369 1423 417 1464 in
439 1436 564 1477 proce.
609 1428 734 1478 temp.
769 1422 823 1465 cf.
864 1424 984 1465 Tom.
1018 1423 1048 1465 Ι.
1079 1437 1118 1477 p.
1160 1422 1262 1477 156,
1294 1423 1323 1465 l.
1363 1423 1419 1464 12
1450 1423 1505 1465 M.
1533 1423 1658 1465 habet

222 1505 272 1534 ex
288 1506 393 1535 corr.
429 1495 463 1548 i;
496 1495 617 1536 Tom.
651 1494 716 1548 lI.,
738 1508 777 1549 p.
812 1492 915 1548 240,
943 1494 969 1535 l.
1004 1493 1128 1535 habet
1155 1498 1247 1535 tum
1278 1494 1454 1536 imorem
1471 1506 1546 1547 pro
1563 1498 1656 1535 tum

220 1564 263 1604 in
297 1577 474 1607 morem.

285 1634 380 1691 Gap.
412 1634 620 1679 XXXVIII.
653 1649 694 1691 p.
721 1635 825 1686 581.
854 1636 908 1679 Ut
938 1636 998 1677 lin
1027 1636 1069 1690 2,
1107 1636 1139 1677 si
1171 1636 1236 1678 vis
1267 1636 1317 1677 ab
1351 1634 1496 1678 eadem
1526 1648 1666 1697 manu·

220 1709 547 1763 superscriptum
573 1713 656 1762 est,
687 1709 881 1763 quamvis
913 1708 1125 1762 praefero,
1154 1710 1211 1750 sic
1237 1709 1266 1750 l.
1292 1708 1317 1750 6
1335 1709 1490 1764 inipso
1505 1709 1656 1751 vertice

219 1779 373 1821 omisso
397 1771 487 1823 sole
512 1780 565 1822 ab
582 1780 634 1822 aI.
660 1792 789 1822 manu
817 1780 1092 1835 superscripto
1109 1779 1391 1835 recipiendum
1414 1793 1503 1822 esse
1516 1779 1651 1823 credo.

277 1851 388 1894 Ibid.
423 1852 451 1894 l.
487 1851 527 1894 7.
580 1850 623 1895 Si
658 1851 758 1906 quid
798 1851 1074 1906 mutandum,
1117 1852 1262 1893 malim
1305 1865 1380 1906 pro
1423 1856 1653 1907 sequuntur

218 1923 445 1966 rescribere
460 1924 532 1965 sini
541 1924 734 1979 plectunt
748 1948 818 1978 —,
834 1937 881 1965 ac
896 1937 905 1965 z
924 1937 978 1966 ur
994 1929 1133 1966 ortum
1146 1937 1233 1966 esse
1249 1929 1381 1979 potest
1396 1938 1447 1966 ex
1457 1929 1653 1978 sequente

217 2007 286 2047 ac,
327 1995 386 2035 sic
426 1987 547 2036 Tom.
586 1995 617 2035 I.
650 2008 689 2048 p.
720 1995 807 2035 212
826 2026 839 2048 ,
869 1994 896 2035 l.
933 1994 976 2048 8,
1003 1994 1045 2035 Μ
1075 1994 1200 2035 habet
1225 1996 1434 2049 credetur5
1465 2007 1539 2049 pro
1570 2007 1653 2049 quo

216 2077 316 2107 cum
356 2065 520 2108 Mureto
564 2070 762 2109 cresceret
802 2066 976 2107 omnino
1013 2065 1325 2108 rescribendum
1367 2071 1449 2121 est,
1492 2065 1653 2108 mediae

217 2137 398 2191 syllabae
429 2138 666 2192 saepissima
703 2136 969 2189 exciderunt,·
1000 2137 1339 2179 terminationem
1368 2150 1422 2178 ur
1453 2149 1503 2178 ex
1525 2150 1572 2179 ac
1588 2149 1652 2178 01·—

216 2213 308 2250 tum
335 2221 423 2250 esse
448 2208 587 2263 credor,
618 2209 750 2263 posito
778 2214 869 2263 post.
890 2213 1091 2250 cresceret
1117 2214 1272 2263 puncto
1301 2222 1349 2252 ac
1380 2222 1444 2262 ea,
1464 2221 1570 2262 quae
1585 2222 1652 2250 se*

216 2284 418 2334 quuntur,
445 2279 626 2322 adnectit
662 2280 868 2334 prioribus
897 2279 1036 2333 ibique
1064 2280 1142 2320 erit
1172 2292 1211 2310 =
1241 2284 1282 2321 et
1304 2279 1407 2321 adeo
1433 2278 1486 2321 cf.
1516 2280 1648 2323 Hand.
1681 2308 1700 2329 0

216 2351 337 2392 Turs.
367 2352 488 2393 Tom.
524 2352 554 2392 Ι.
588 2364 626 2405 p.
668 2351 781 2404 485,
814 2350 998 2410 Ν“’..19.

277 2420 373 2477 Gap.
422 2420 556 2464 XLIII.
596 2435 636 2476 p.
677 2421 781 2475 587,
813 2421 840 2462 l.
867 2420 892 2462 6
921 2425 963 2462 et
993 2419 1043 2476 7.·,
1070 2420 1280 2470 Omnesque
1308 2433 1346 2462 m
1371 2434 1497 2464 popum
1532 2435 1649 2464 mum

217 2505 477 2535 camnsrmum
496 2525 508 2547 ,
540 2505 717 2535 carenum
757 2505 889 2534 surus
930 2505 976 2534 nr
1007 2505 1184 2535 vnn-tices
1215 2505 1387 2536 monrium
1414 2492 1649 2548 [lUGUMQUEI

218 2577 459 2608 insnuenunr.

288 2635 560 2691 «luqumque,
597 2635 706 2690 quod
735 2640 898 2678 servant
923 2634 1071 2690 Codd.,
1102 2636 1229 2677 etiam
1249 2635 1292 2678 P.
1332 2636 1448 2682 Unus
1484 2633 1648 2681 Arund.
