<?xml version="1.0" encoding="UTF-8"?>
<!DOCTYPE html PUBLIC "-//W3C//DTD XHTML 1.0 Transitional//EN"
    "http://www.w3.org/TR/xhtml1/DTD/xhtml1-transitional.dtd">
<html xmlns="http://www.w3.org/1999/xhtml" xml:lang="en" lang="en">
 <head>
  <title>
</title>
<meta http-equiv="Content-Type" content="text/html;charset=utf-8" />
  <meta name='ocr-system' content='tesseract 3.04.00' />
  <meta name='ocr-capabilities' content='ocr_page ocr_carea ocr_par ocr_line ocrx_word'/>
</head>
<body>
  <div class='ocr_page' id='page_1' title='image "4738103_0059.png"; bbox 0 0 1905 3135; ppageno 0'>
   <div class='ocr_carea' id='block_1_1' title="bbox 555 623 1333 695">
    <p class='ocr_par' dir='ltr' id='par_1_1' title="bbox 555 623 1333 695">
     <span class='ocr_line' id='line_1_1' title="bbox 555 623 1333 695; baseline -0.005 -1"><span class='ocrx_word' id='word_1_1' title='bbox 555 625 827 694; x_wconf 85' lang='lat' dir='ltr'><strong>CAPUT</strong></span> <span class='ocrx_word' id='word_1_2' title='bbox 889 623 1333 695; x_wconf 80' lang='lat' dir='ltr'><strong>QUARTUM.</strong></span> 
     </span>
    </p>
   </div>
   <div class='ocr_carea' id='block_1_2' title="bbox 1201 787 1234 810">
    <p class='ocr_par' dir='ltr' id='par_1_2' title="bbox 1201 787 1234 810">
     <span class='ocr_line' id='line_1_2' title="bbox 1201 787 1234 810; baseline 0 -11"><span class='ocrx_word' id='word_1_3' title='bbox 1201 787 1234 810; x_wconf 45' lang='grc' dir='ltr'>χ</span> 
     </span>
    </p>
   </div>
   <div class='ocr_carea' id='block_1_3' title="bbox 296 875 1603 1003">
    <p class='ocr_par' dir='ltr' id='par_1_3' title="bbox 296 875 1603 1003">
     <span class='ocr_line' id='line_1_3' title="bbox 296 875 1603 937; baseline -0.002 -18"><span class='ocrx_word' id='word_1_4' title='bbox 296 876 452 937; x_wconf 76' lang='lat' dir='ltr'><strong>Aqitur</strong></span> <span class='ocrx_word' id='word_1_5' title='bbox 482 878 533 918; x_wconf 82' lang='lat' dir='ltr'><strong>de</strong></span> <span class='ocrx_word' id='word_1_6' title='bbox 558 877 723 931; x_wconf 77' lang='lat' dir='ltr'><em>aliquot</em></span> <span class='ocrx_word' id='word_1_7' title='bbox 753 878 964 931; x_wconf 78' lang='lat' dir='ltr'><strong>corrwptis</strong></span> <span class='ocrx_word' id='word_1_8' title='bbox 996 877 1120 930; x_wconf 72' lang='lat' dir='ltr'><strong>loeis,</strong></span> <span class='ocrx_word' id='word_1_9' title='bbox 1151 877 1227 931; x_wconf 83' lang='lat' dir='ltr'><strong>qui</strong></span> <span class='ocrx_word' id='word_1_10' title='bbox 1261 877 1374 931; x_wconf 67' lang='lat' dir='ltr'><strong>apud</strong></span> <span class='ocrx_word' id='word_1_11' title='bbox 1411 875 1603 919; x_wconf 78' lang='lat' dir='ltr'><strong>Tacitum</strong></span> 
     </span>
     <span class='ocr_line' id='line_1_4' title="bbox 340 946 1555 1003; baseline 0 -14"><span class='ocrx_word' id='word_1_12' title='bbox 340 949 389 990; x_wconf 79' lang='lat' dir='ltr'><strong>in</strong></span> <span class='ocrx_word' id='word_1_13' title='bbox 411 948 521 991; x_wconf 78' lang='lat' dir='ltr'><strong>libro</strong></span> <span class='ocrx_word' id='word_1_14' title='bbox 552 946 797 990; x_wconf 72' lang='lat' dir='ltr'><strong>«Annales»</strong></span> <span class='ocrx_word' id='word_1_15' title='bbox 826 948 1025 1003; x_wconf 74' lang='lat' dir='ltr'><strong>inscripti</strong></span> <span class='ocrx_word' id='word_1_16' title='bbox 1043 948 1255 1003; x_wconf 70' lang='lat' dir='ltr'><strong>lequutur,</strong></span> <span class='ocrx_word' id='word_1_17' title='bbox 1269 947 1555 990; x_wconf 76' lang='lat' dir='ltr'><strong>emendandis.</strong></span> 
     </span>
    </p>
   </div>
   <div class='ocr_carea' id='block_1_4' title="bbox 771 1097 1126 1125">
    <p class='ocr_par' dir='ltr' id='par_1_4' title="bbox 771 1097 1126 1125">
     <span class='ocr_line' id='line_1_5' title="bbox 771 1097 1126 1125; baseline -0.003 -10"><span class='ocrx_word' id='word_1_18' title='bbox 771 1097 1126 1125; x_wconf 48' lang='grc' dir='ltr'><strong>ψ.-</strong></span> 
     </span>
    </p>
   </div>
   <div class='ocr_carea' id='block_1_5' title="bbox 229 1230 1667 2710">
    <p class='ocr_par' dir='ltr' id='par_1_5' title="bbox 229 1230 1667 2423">
     <span class='ocr_line' id='line_1_6' title="bbox 293 1230 1660 1288; baseline -0.003 -12"><span class='ocrx_word' id='word_1_19' title='bbox 293 1233 385 1286; x_wconf 87' lang='lat' dir='ltr'><strong>Quo</strong></span> <span class='ocrx_word' id='word_1_20' title='bbox 416 1232 543 1275; x_wconf 88' lang='lat' dir='ltr'><strong>modo</strong></span> <span class='ocrx_word' id='word_1_21' title='bbox 573 1234 618 1274; x_wconf 91' lang='lat' dir='ltr'><strong>in</strong></span> <span class='ocrx_word' id='word_1_22' title='bbox 648 1233 749 1275; x_wconf 87' lang='lat' dir='ltr'><strong>locis</strong></span> <span class='ocrx_word' id='word_1_23' title='bbox 780 1247 804 1275; x_wconf 87' lang='lat' dir='ltr'><strong>a</strong></span> <span class='ocrx_word' id='word_1_24' title='bbox 825 1233 1068 1288; x_wconf 82' lang='lat' dir='ltr'><strong>corruptelis</strong></span> <span class='ocrx_word' id='word_1_25' title='bbox 1086 1232 1307 1275; x_wconf 84' lang='lat' dir='ltr'><strong>iudicando</strong></span> <span class='ocrx_word' id='word_1_26' title='bbox 1326 1230 1554 1288; x_wconf 79' lang='lat' dir='ltr'>purgandis</span> <span class='ocrx_word' id='word_1_27' title='bbox 1570 1244 1660 1273; x_wconf 87' lang='lat' dir='ltr'><strong>ver-</strong></span> 
     </span>
     <span class='ocr_line' id='line_1_7' title="bbox 230 1290 1662 1359; baseline -0.002 -13"><span class='ocrx_word' id='word_1_28' title='bbox 230 1317 320 1359; x_wconf 78' lang='lat' dir='ltr'><strong>ser,</strong></span> <span class='ocrx_word' id='word_1_29' title='bbox 339 1318 387 1346; x_wconf 86' lang='lat' dir='ltr'><strong>ex</strong></span> <span class='ocrx_word' id='word_1_30' title='bbox 409 1305 481 1357; x_wconf 79' lang='lat' dir='ltr'><strong>iis,</strong></span> <span class='ocrx_word' id='word_1_31' title='bbox 513 1317 619 1358; x_wconf 90' lang='lat' dir='ltr'><strong>quae</strong></span> <span class='ocrx_word' id='word_1_32' title='bbox 650 1303 928 1358; x_wconf 87' lang='lat' dir='ltr'><strong>praecedunt,</strong></span> <span class='ocrx_word' id='word_1_33' title='bbox 946 1290 1224 1346; x_wconf 55' lang='lat' dir='ltr'><strong>¹intellectum</strong></span> <span class='ocrx_word' id='word_1_34' title='bbox 1241 1309 1315 1345; x_wconf 91' lang='lat' dir='ltr'><strong>est.</strong></span> <span class='ocrx_word' id='word_1_35' title='bbox 1350 1303 1440 1356; x_wconf 86' lang='lat' dir='ltr'><strong>Qua</strong></span> <span class='ocrx_word' id='word_1_36' title='bbox 1456 1303 1507 1344; x_wconf 94' lang='lat' dir='ltr'><strong>de</strong></span> <span class='ocrx_word' id='word_1_37' title='bbox 1521 1316 1662 1344; x_wconf 83' lang='lat' dir='ltr'><strong>caussa</strong></span> 
     </span>
     <span class='ocr_line' id='line_1_8' title="bbox 234 1373 1663 1430; baseline -0.001 -14"><span class='ocrx_word' id='word_1_38' title='bbox 234 1377 278 1416; x_wconf 90' lang='lat' dir='ltr'><strong>in</strong></span> <span class='ocrx_word' id='word_1_39' title='bbox 308 1380 520 1430; x_wconf 91' lang='lat' dir='ltr'><strong>posterum</strong></span> <span class='ocrx_word' id='word_1_40' title='bbox 537 1375 700 1416; x_wconf 90' lang='lat' dir='ltr'><strong>brevior</strong></span> <span class='ocrx_word' id='word_1_41' title='bbox 719 1387 790 1416; x_wconf 90' lang='lat' dir='ltr'><strong>ero</strong></span> <span class='ocrx_word' id='word_1_42' title='bbox 823 1387 959 1429; x_wconf 92' lang='lat' dir='ltr'><strong>neque</strong></span> <span class='ocrx_word' id='word_1_43' title='bbox 976 1375 1131 1429; x_wconf 91' lang='lat' dir='ltr'><strong>ubique</strong></span> <span class='ocrx_word' id='word_1_44' title='bbox 1157 1373 1331 1416; x_wconf 85' lang='lat' dir='ltr'><strong>afferam</strong></span> <span class='ocrx_word' id='word_1_45' title='bbox 1356 1374 1492 1428; x_wconf 82' lang='lat' dir='ltr'><strong>Iocos.,</strong></span> <span class='ocrx_word' id='word_1_46' title='bbox 1513 1374 1558 1414; x_wconf 89' lang='lat' dir='ltr'><strong>in</strong></span> <span class='ocrx_word' id='word_1_47' title='bbox 1574 1373 1663 1427; x_wconf 89' lang='lat' dir='ltr'><strong>qui-</strong></span> 
     </span>
     <span class='ocr_line' id='line_1_9' title="bbox 233 1445 1665 1498; baseline -0.002 -10"><span class='ocrx_word' id='word_1_48' title='bbox 233 1448 310 1488; x_wconf 87' lang='lat' dir='ltr'><strong>hus</strong></span> <span class='ocrx_word' id='word_1_49' title='bbox 347 1460 382 1487; x_wconf 88' lang='lat' dir='ltr'><strong>v.</strong></span> <span class='ocrx_word' id='word_1_50' title='bbox 416 1460 452 1489; x_wconf 85' lang='lat' dir='ltr'><strong>c.</strong></span> <span class='ocrx_word' id='word_1_51' title='bbox 486 1446 630 1487; x_wconf 90' lang='lat' dir='ltr'><strong>literae</strong></span> <span class='ocrx_word' id='word_1_52' title='bbox 659 1446 739 1487; x_wconf 89' lang='lat' dir='ltr'><strong>hae</strong></span> <span class='ocrx_word' id='word_1_53' title='bbox 770 1445 914 1487; x_wconf 88' lang='lat' dir='ltr'><strong>illaeve</strong></span> <span class='ocrx_word' id='word_1_54' title='bbox 945 1447 989 1486; x_wconf 90' lang='lat' dir='ltr'><strong>in</strong></span> <span class='ocrx_word' id='word_1_55' title='bbox 1020 1446 1120 1487; x_wconf 89' lang='lat' dir='ltr'><strong>alias</strong></span> <span class='ocrx_word' id='word_1_56' title='bbox 1150 1451 1334 1487; x_wconf 85' lang='lat' dir='ltr'><strong>mutatae</strong></span> <span class='ocrx_word' id='word_1_57' title='bbox 1363 1450 1460 1487; x_wconf 93' lang='lat' dir='ltr'><strong>sunt</strong></span> <span class='ocrx_word' id='word_1_58' title='bbox 1489 1449 1532 1486; x_wconf 91' lang='lat' dir='ltr'><strong>et</strong></span> <span class='ocrx_word' id='word_1_59' title='bbox 1559 1457 1665 1498; x_wconf 86' lang='lat' dir='ltr'><strong>quae</strong></span> 
     </span>
     <span class='ocr_line' id='line_1_10' title="bbox 233 1514 1665 1571; baseline -0.002 -13"><span class='ocrx_word' id='word_1_60' title='bbox 233 1521 328 1558; x_wconf 86' lang='lat' dir='ltr'><strong>sunt</strong></span> <span class='ocrx_word' id='word_1_61' title='bbox 364 1516 406 1558; x_wconf 88' lang='lat' dir='ltr'><strong>id</strong></span> <span class='ocrx_word' id='word_1_62' title='bbox 439 1529 572 1571; x_wconf 77' lang='lat' dir='ltr'><strong>genus</strong></span> <span class='ocrx_word' id='word_1_63' title='bbox 601 1516 734 1570; x_wconf 83' lang='lat' dir='ltr'><strong>plura.</strong></span> <span class='ocrx_word' id='word_1_64' title='bbox 772 1514 878 1558; x_wconf 89' lang='lat' dir='ltr'><strong>Satis</strong></span> <span class='ocrx_word' id='word_1_65' title='bbox 907 1516 1048 1557; x_wconf 89' lang='lat' dir='ltr'><strong>habeo</strong></span> <span class='ocrx_word' id='word_1_66' title='bbox 1075 1515 1250 1570; x_wconf 77' lang='lat' dir='ltr'><strong>addere,</strong></span> <span class='ocrx_word' id='word_1_67' title='bbox 1284 1528 1354 1557; x_wconf 91' lang='lat' dir='ltr'><strong>me</strong></span> <span class='ocrx_word' id='word_1_68' title='bbox 1384 1515 1581 1557; x_wconf 88' lang='lat' dir='ltr'><strong>lectiones</strong></span> <span class='ocrx_word' id='word_1_69' title='bbox 1616 1514 1665 1555; x_wconf 92' lang='lat' dir='ltr'><strong>li-</strong></span> 
     </span>
     <span class='ocr_line' id='line_1_11' title="bbox 230 1586 1665 1629; baseline -0.002 0"><span class='ocrx_word' id='word_1_70' title='bbox 230 1589 341 1629; x_wconf 87' lang='lat' dir='ltr'><strong>bror.</strong></span> <span class='ocrx_word' id='word_1_71' title='bbox 390 1587 485 1628; x_wconf 90' lang='lat' dir='ltr'><strong>Mss.</strong></span> <span class='ocrx_word' id='word_1_72' title='bbox 535 1600 619 1628; x_wconf 92' lang='lat' dir='ltr'><strong>non</strong></span> <span class='ocrx_word' id='word_1_73' title='bbox 670 1588 749 1627; x_wconf 87' lang='lat' dir='ltr'><strong>nisi</strong></span> <span class='ocrx_word' id='word_1_74' title='bbox 782 1592 967 1627; x_wconf 85' lang='lat' dir='ltr'><strong>extrema</strong></span> <span class='ocrx_word' id='word_1_75' title='bbox 1002 1588 1242 1628; x_wconf 71' lang='lat' dir='ltr'><strong>necessitate</strong></span> <span class='ocrx_word' id='word_1_76' title='bbox 1272 1586 1466 1627; x_wconf 90' lang='lat' dir='ltr'><strong>adactum</strong></span> <span class='ocrx_word' id='word_1_77' title='bbox 1501 1590 1665 1627; x_wconf 87' lang='lat' dir='ltr'><strong>mutare</strong></span> 
     </span>
     <span class='ocr_line' id='line_1_12' title="bbox 231 1655 1664 1713; baseline -0.001 -13"><span class='ocrx_word' id='word_1_78' title='bbox 231 1663 274 1700; x_wconf 91' lang='lat' dir='ltr'><strong>et</strong></span> <span class='ocrx_word' id='word_1_79' title='bbox 304 1670 398 1712; x_wconf 74' lang='lat' dir='ltr'><strong>me,</strong></span> <span class='ocrx_word' id='word_1_80' title='bbox 435 1658 469 1699; x_wconf 91' lang='lat' dir='ltr'><strong>si</strong></span> <span class='ocrx_word' id='word_1_81' title='bbox 498 1656 724 1700; x_wconf 87' lang='lat' dir='ltr'><strong>mutandae</strong></span> <span class='ocrx_word' id='word_1_82' title='bbox 755 1662 873 1712; x_wconf 63' lang='lat' dir='ltr'><strong>sunt,</strong></span> <span class='ocrx_word' id='word_1_83' title='bbox 902 1662 1107 1712; x_wconf 90' lang='lat' dir='ltr'><strong>quantum</strong></span> <span class='ocrx_word' id='word_1_84' title='bbox 1143 1656 1235 1700; x_wconf 89' lang='lat' dir='ltr'><strong>fieri</strong></span> <span class='ocrx_word' id='word_1_85' title='bbox 1270 1661 1432 1713; x_wconf 74' lang='lat' dir='ltr'><strong>potest,</strong></span> <span class='ocrx_word' id='word_1_86' title='bbox 1454 1657 1569 1711; x_wconf 89' lang='lat' dir='ltr'><strong>sequi</strong></span> <span class='ocrx_word' id='word_1_87' title='bbox 1590 1655 1634 1698; x_wconf 93' lang='lat' dir='ltr'><strong>id</strong></span> <span class='ocrx_word' id='word_1_88' title='bbox 1650 1688 1664 1711; x_wconf 81' lang='lat'>‚</span> 
     </span>
     <span class='ocr_line' id='line_1_13' title="bbox 232 1727 1664 1783; baseline -0.001 -12"><span class='ocrx_word' id='word_1_89' title='bbox 232 1728 344 1783; x_wconf 88' lang='lat' dir='ltr'><strong>quod</strong></span> <span class='ocrx_word' id='word_1_90' title='bbox 370 1729 414 1769; x_wconf 91' lang='lat' dir='ltr'><strong>in</strong></span> <span class='ocrx_word' id='word_1_91' title='bbox 446 1729 528 1769; x_wconf 93' lang='lat' dir='ltr'><strong>illis</strong></span> <span class='ocrx_word' id='word_1_92' title='bbox 558 1729 794 1781; x_wconf 75' lang='lat' dir='ltr'><strong>inveniturz,</strong></span> <span class='ocrx_word' id='word_1_93' title='bbox 824 1741 951 1781; x_wconf 91' lang='lat' dir='ltr'><strong>quam</strong></span> <span class='ocrx_word' id='word_1_94' title='bbox 981 1729 1185 1770; x_wconf 89' lang='lat' dir='ltr'><strong>rationem</strong></span> <span class='ocrx_word' id='word_1_95' title='bbox 1215 1729 1365 1770; x_wconf 87' lang='lat' dir='ltr'><strong>vellem</strong></span> <span class='ocrx_word' id='word_1_96' title='bbox 1396 1727 1467 1770; x_wconf 87' lang='lat' dir='ltr'><strong>Or.</strong></span> <span class='ocrx_word' id='word_1_97' title='bbox 1500 1740 1664 1782; x_wconf 92' lang='lat' dir='ltr'><strong>quoque</strong></span> 
     </span>
     <span class='ocr_line' id='line_1_14' title="bbox 233 1799 1665 1860; baseline 0 -20"><span class='ocrx_word' id='word_1_98' title='bbox 233 1799 477 1854; x_wconf 78' lang='lat' dir='ltr'><strong>diligentius</strong></span> <span class='ocrx_word' id='word_1_99' title='bbox 512 1804 677 1841; x_wconf 87' lang='lat' dir='ltr'><strong>secutus</strong></span> <span class='ocrx_word' id='word_1_100' title='bbox 704 1803 833 1860; x_wconf 73' lang='lat' dir='ltr'><strong>esset:</strong></span> <span class='ocrx_word' id='word_1_101' title='bbox 863 1799 1038 1852; x_wconf 83' lang='lat' dir='ltr'><strong>optimas</strong></span> <span class='ocrx_word' id='word_1_102' title='bbox 1073 1799 1191 1841; x_wconf 86' lang='lat' dir='ltr'>codd.</span> <span class='ocrx_word' id='word_1_103' title='bbox 1230 1799 1284 1841; x_wconf 90' lang='lat' dir='ltr'><strong>M.</strong></span> <span class='ocrx_word' id='word_1_104' title='bbox 1322 1800 1402 1842; x_wconf 88' lang='lat' dir='ltr'><strong>Iet</strong></span> <span class='ocrx_word' id='word_1_105' title='bbox 1416 1799 1452 1841; x_wconf 88' lang='grc' dir='ltr'><strong>ΙΙ</strong></span> <span class='ocrx_word' id='word_1_106' title='bbox 1468 1799 1665 1841; x_wconf 83' lang='lat' dir='ltr'><strong>lectiones</strong></span> 
     </span>
     <span class='ocr_line' id='line_1_15' title="bbox 231 1857 1664 1925; baseline 0 -14"><span class='ocrx_word' id='word_1_107' title='bbox 231 1871 394 1925; x_wconf 88' lang='lat' dir='ltr'><strong>saepius</strong></span> <span class='ocrx_word' id='word_1_108' title='bbox 420 1868 547 1911; x_wconf 84' lang='lat' dir='ltr'><strong>male</strong></span> <span class='ocrx_word' id='word_1_109' title='bbox 567 1857 735 1923; x_wconf 47' lang='lat' dir='ltr'><strong>reieci?</strong></span> <span class='ocrx_word' id='word_1_110' title='bbox 750 1882 857 1924; x_wconf 89' lang='lat' dir='ltr'><strong>quae</strong></span> <span class='ocrx_word' id='word_1_111' title='bbox 887 1870 938 1910; x_wconf 88' lang='lat' dir='ltr'><strong>ab</strong></span> <span class='ocrx_word' id='word_1_112' title='bbox 972 1882 1022 1911; x_wconf 93' lang='lat' dir='ltr'><strong>eo</strong></span> <span class='ocrx_word' id='word_1_113' title='bbox 1039 1901 1052 1924; x_wconf 76' lang='lat'><strong>‚</strong></span> <span class='ocrx_word' id='word_1_114' title='bbox 1083 1871 1154 1924; x_wconf 92' lang='lat' dir='ltr'><strong>qui</strong></span> <span class='ocrx_word' id='word_1_115' title='bbox 1190 1870 1315 1912; x_wconf 89' lang='lat' dir='ltr'><strong>libros</strong></span> <span class='ocrx_word' id='word_1_116' title='bbox 1342 1884 1366 1912; x_wconf 92' lang='lat' dir='ltr'><strong>a</strong></span> <span class='ocrx_word' id='word_1_117' title='bbox 1393 1870 1537 1912; x_wconf 89' lang='lat' dir='ltr'><strong>Tacito</strong></span> <span class='ocrx_word' id='word_1_118' title='bbox 1566 1881 1664 1911; x_wconf 91' lang='lat' dir='ltr'><strong>con—</strong></span> 
     </span>
     <span class='ocr_line' id='line_1_16' title="bbox 230 1941 1660 1996; baseline -0.001 -13"><span class='ocrx_word' id='word_1_119' title='bbox 230 1943 403 1996; x_wconf 89' lang='lat' dir='ltr'><strong>scriptos</strong></span> <span class='ocrx_word' id='word_1_120' title='bbox 443 1941 630 1983; x_wconf 85' lang='lat' dir='ltr'><strong>editurus</strong></span> <span class='ocrx_word' id='word_1_121' title='bbox 676 1946 759 1995; x_wconf 69' lang='lat' dir='ltr'><strong>est,</strong></span> <span class='ocrx_word' id='word_1_122' title='bbox 801 1942 975 1983; x_wconf 90' lang='lat' dir='ltr'><strong>omnino</strong></span> <span class='ocrx_word' id='word_1_123' title='bbox 1009 1941 1244 1984; x_wconf 86' lang='lat' dir='ltr'><strong>reddendae</strong></span> <span class='ocrx_word' id='word_1_124' title='bbox 1284 1947 1405 1984; x_wconf 91' lang='lat' dir='ltr'><strong>sunt:</strong></span> <span class='ocrx_word' id='word_1_125' title='bbox 1453 1942 1527 1983; x_wconf 90' lang='lat' dir='ltr'><strong>has</strong></span> <span class='ocrx_word' id='word_1_126' title='bbox 1561 1941 1604 1983; x_wconf 86' lang='lat' dir='ltr'><strong>h.</strong></span> <span class='ocrx_word' id='word_1_127' title='bbox 1633 1942 1660 1982; x_wconf 93' lang='lat' dir='ltr'><strong>l.</strong></span> 
     </span>
     <span class='ocr_line' id='line_1_17' title="bbox 230 1998 1663 2075; baseline -0.001 -21"><span class='ocrx_word' id='word_1_128' title='bbox 230 2024 380 2054; x_wconf 89' lang='lat' dir='ltr'><strong>omnes</strong></span> <span class='ocrx_word' id='word_1_129' title='bbox 430 2024 623 2075; x_wconf 78' lang='lat' dir='ltr'><strong>enarrare</strong></span> <span class='ocrx_word' id='word_1_130' title='bbox 673 2012 851 2066; x_wconf 74' lang='lat' dir='ltr'><strong>longum</strong></span> <span class='ocrx_word' id='word_1_131' title='bbox 867 1998 876 2008; x_wconf 62' lang='grc'><em>’</em></span> <span class='ocrx_word' id='word_1_132' title='bbox 895 2017 968 2053; x_wconf 89' lang='lat' dir='ltr'><strong>est.</strong></span> <span class='ocrx_word' id='word_1_133' title='bbox 1019 2011 1136 2065; x_wconf 86' lang='lat' dir='ltr'><strong>Quod</strong></span> <span class='ocrx_word' id='word_1_134' title='bbox 1184 2012 1355 2067; x_wconf 86' lang='lat' dir='ltr'><strong>quidem</strong></span> <span class='ocrx_word' id='word_1_135' title='bbox 1397 2011 1561 2066; x_wconf 77' lang='lat' dir='ltr'><strong>addidi,</strong></span> <span class='ocrx_word' id='word_1_136' title='bbox 1610 2024 1663 2053; x_wconf 90' lang='lat' dir='ltr'><strong>ne</strong></span> 
     </span>
     <span class='ocr_line' id='line_1_18' title="bbox 229 2082 1664 2138; baseline 0.001 -14"><span class='ocrx_word' id='word_1_137' title='bbox 229 2083 324 2137; x_wconf 89' lang='lat' dir='ltr'><strong>quis</strong></span> <span class='ocrx_word' id='word_1_138' title='bbox 355 2082 516 2136; x_wconf 81' lang='lat' dir='ltr'><strong>credat,</strong></span> <span class='ocrx_word' id='word_1_139' title='bbox 547 2095 617 2123; x_wconf 92' lang='lat' dir='ltr'><strong>me</strong></span> <span class='ocrx_word' id='word_1_140' title='bbox 647 2095 745 2124; x_wconf 91' lang='lat' dir='ltr'><strong>cum</strong></span> <span class='ocrx_word' id='word_1_141' title='bbox 778 2082 849 2124; x_wconf 90' lang='lat' dir='ltr'><strong>Or.</strong></span> <span class='ocrx_word' id='word_1_142' title='bbox 883 2084 927 2124; x_wconf 93' lang='lat' dir='ltr'><strong>in</strong></span> <span class='ocrx_word' id='word_1_143' title='bbox 948 2083 1063 2137; x_wconf 76' lang='lat' dir='ltr'><strong>locis,</strong></span> <span class='ocrx_word' id='word_1_144' title='bbox 1094 2083 1146 2125; x_wconf 94' lang='lat' dir='ltr'><strong>de</strong></span> <span class='ocrx_word' id='word_1_145' title='bbox 1176 2084 1326 2138; x_wconf 89' lang='lat' dir='ltr'><strong>quibus</strong></span> <span class='ocrx_word' id='word_1_146' title='bbox 1356 2085 1401 2125; x_wconf 91' lang='lat' dir='ltr'><strong>in</strong></span> <span class='ocrx_word' id='word_1_147' title='bbox 1417 2084 1497 2125; x_wconf 92' lang='lat' dir='ltr'><strong>hoc</strong></span> <span class='ocrx_word' id='word_1_148' title='bbox 1525 2083 1664 2125; x_wconf 91' lang='lat' dir='ltr'><strong>libello</strong></span> 
     </span>
     <span class='ocr_line' id='line_1_19' title="bbox 231 2153 1665 2209; baseline -0.001 -12"><span class='ocrx_word' id='word_1_149' title='bbox 231 2166 318 2197; x_wconf 89' lang='lat' dir='ltr'><strong>non</strong></span> <span class='ocrx_word' id='word_1_150' title='bbox 349 2154 570 2208; x_wconf 77' lang='lat' dir='ltr'><strong>explicavi,</strong></span> <span class='ocrx_word' id='word_1_151' title='bbox 617 2154 863 2195; x_wconf 88' lang='lat' dir='ltr'><strong>consentire.</strong></span> <span class='ocrx_word' id='word_1_152' title='bbox 908 2153 1035 2196; x_wconf 88' lang='lat' dir='ltr'><strong>Porro</strong></span> <span class='ocrx_word' id='word_1_153' title='bbox 1081 2155 1125 2194; x_wconf 91' lang='lat' dir='ltr'><strong>in</strong></span> <span class='ocrx_word' id='word_1_154' title='bbox 1154 2159 1390 2209; x_wconf 82' lang='lat' dir='ltr'><strong>posterum,</strong></span> <span class='ocrx_word' id='word_1_155' title='bbox 1425 2158 1472 2195; x_wconf 91' lang='lat' dir='ltr'><strong>ut</strong></span> <span class='ocrx_word' id='word_1_156' title='bbox 1499 2153 1665 2196; x_wconf 87' lang='lat' dir='ltr'><strong>chartae</strong></span> 
     </span>
     <span class='ocr_line' id='line_1_20' title="bbox 229 2213 1666 2281; baseline 0 -14"><span class='ocrx_word' id='word_1_157' title='bbox 229 2231 275 2268; x_wconf 91' lang='lat' dir='ltr'><strong>et</strong></span> <span class='ocrx_word' id='word_1_158' title='bbox 318 2226 498 2280; x_wconf 85' lang='lat' dir='ltr'><strong>tempori</strong></span> <span class='ocrx_word' id='word_1_159' title='bbox 542 2238 709 2280; x_wconf 86' lang='lat' dir='ltr'><strong>parcam</strong></span> <span class='ocrx_word' id='word_1_160' title='bbox 723 2257 736 2280; x_wconf 79' lang='lat'>‚</span> <span class='ocrx_word' id='word_1_161' title='bbox 780 2226 961 2268; x_wconf 87' lang='lat' dir='ltr'><strong>aliorum</strong></span> <span class='ocrx_word' id='word_1_162' title='bbox 1002 2227 1259 2269; x_wconf 87' lang='lat' dir='ltr'><strong>coniecturas</strong></span> <span class='ocrx_word' id='word_1_163' title='bbox 1305 2231 1346 2268; x_wconf 88' lang='lat' dir='ltr'><strong>et</strong></span> <span class='ocrx_word' id='word_1_164' title='bbox 1376 2213 1666 2281; x_wconf 87' lang='lat' dir='ltr'><strong>explicationes</strong></span> 
     </span>
     <span class='ocr_line' id='line_1_21' title="bbox 233 2295 1667 2352; baseline 0.001 -15"><span class='ocrx_word' id='word_1_165' title='bbox 233 2309 318 2339; x_wconf 90' lang='lat' dir='ltr'><strong>non</strong></span> <span class='ocrx_word' id='word_1_166' title='bbox 357 2295 555 2338; x_wconf 83' lang='lat' dir='ltr'><strong>afferam:</strong></span> <span class='ocrx_word' id='word_1_167' title='bbox 602 2308 704 2351; x_wconf 86' lang='lat' dir='ltr'><strong>quas</strong></span> <span class='ocrx_word' id='word_1_168' title='bbox 751 2297 823 2350; x_wconf 92' lang='lat' dir='ltr'><strong>qui</strong></span> <span class='ocrx_word' id='word_1_169' title='bbox 867 2309 1117 2351; x_wconf 79' lang='lat' dir='ltr'><strong>cognoscere</strong></span> <span class='ocrx_word' id='word_1_170' title='bbox 1146 2297 1260 2351; x_wconf 73' lang='lat' dir='ltr'><strong>vult,</strong></span> <span class='ocrx_word' id='word_1_171' title='bbox 1295 2297 1408 2352; x_wconf 81' lang='lat' dir='ltr'><strong>legat</strong></span> <span class='ocrx_word' id='word_1_172' title='bbox 1439 2297 1590 2339; x_wconf 84' lang='lat' dir='ltr'><strong>Walth.</strong></span> <span class='ocrx_word' id='word_1_173' title='bbox 1625 2303 1667 2339; x_wconf 83' lang='lat' dir='ltr'><strong>et</strong></span> 
     </span>
     <span class='ocr_line' id='line_1_22' title="bbox 231 2367 1174 2423; baseline -0.005 -13"><span class='ocrx_word' id='word_1_174' title='bbox 231 2367 305 2410; x_wconf 86' lang='lat' dir='ltr'><strong>Or.</strong></span> <span class='ocrx_word' id='word_1_175' title='bbox 338 2368 390 2409; x_wconf 90' lang='lat' dir='ltr'><strong>ad</strong></span> <span class='ocrx_word' id='word_1_176' title='bbox 421 2368 607 2423; x_wconf 81' lang='lat' dir='ltr'><strong>singulos</strong></span> <span class='ocrx_word' id='word_1_177' title='bbox 635 2368 761 2410; x_wconf 91' lang='lat' dir='ltr'><strong>locos.</strong></span> <span class='ocrx_word' id='word_1_178' title='bbox 1173 2402 1174 2405; x_wconf 73' lang='grc'>,</span> 
     </span>
    </p>

    <p class='ocr_par' dir='ltr' id='par_1_6' title="bbox 232 2436 1663 2564">
     <span class='ocr_line' id='line_1_23' title="bbox 293 2436 1663 2494; baseline -0.001 -14"><span class='ocrx_word' id='word_1_179' title='bbox 293 2436 375 2481; x_wconf 86' lang='lat' dir='ltr'><strong>Sed</strong></span> <span class='ocrx_word' id='word_1_180' title='bbox 389 2437 610 2480; x_wconf 90' lang='lat' dir='ltr'><strong>redeamus</strong></span> <span class='ocrx_word' id='word_1_181' title='bbox 635 2437 686 2479; x_wconf 92' lang='lat' dir='ltr'><strong>ad</strong></span> <span class='ocrx_word' id='word_1_182' title='bbox 712 2437 777 2492; x_wconf 79' lang='lat' dir='ltr'><strong>id,</strong></span> <span class='ocrx_word' id='word_1_183' title='bbox 798 2437 910 2492; x_wconf 90' lang='lat' dir='ltr'><strong>quod</strong></span> <span class='ocrx_word' id='word_1_184' title='bbox 930 2438 1049 2481; x_wconf 86' lang='lat' dir='ltr'><strong>nohis</strong></span> <span class='ocrx_word' id='word_1_185' title='bbox 1067 2439 1372 2493; x_wconf 83' lang='lat' dir='ltr'><strong>proposuimus,</strong></span> <span class='ocrx_word' id='word_1_186' title='bbox 1386 2450 1663 2494; x_wconf 81' lang='lat' dir='ltr'><strong>agamusque,</strong></span> 
     </span>
     <span class='ocr_line' id='line_1_24' title="bbox 232 2509 1044 2564; baseline 0 -13"><span class='ocrx_word' id='word_1_187' title='bbox 232 2523 287 2552; x_wconf 90' lang='lat' dir='ltr'><strong>ne</strong></span> <span class='ocrx_word' id='word_1_188' title='bbox 316 2510 464 2554; x_wconf 87' lang='lat' dir='ltr'><strong>eadem</strong></span> <span class='ocrx_word' id='word_1_189' title='bbox 495 2510 656 2564; x_wconf 90' lang='lat' dir='ltr'><strong>saepius</strong></span> <span class='ocrx_word' id='word_1_190' title='bbox 690 2509 912 2564; x_wconf 85' lang='lat' dir='ltr'><strong>repetenda</strong></span> <span class='ocrx_word' id='word_1_191' title='bbox 939 2511 1044 2564; x_wconf 76' lang='lat' dir='ltr'><strong>sint,</strong></span> 
     </span>
    </p>

    <p class='ocr_par' dir='ltr' id='par_1_7' title="bbox 231 2581 1664 2710">
     <span class='ocr_line' id='line_1_25' title="bbox 291 2581 1664 2637; baseline -0.001 -13"><span class='ocrx_word' id='word_1_192' title='bbox 291 2583 322 2624; x_wconf 90' lang='lat' dir='ltr'><strong>l.</strong></span> <span class='ocrx_word' id='word_1_193' title='bbox 356 2581 420 2624; x_wconf 85' lang='lat' dir='ltr'><strong>De</strong></span> <span class='ocrx_word' id='word_1_194' title='bbox 450 2582 614 2636; x_wconf 78' lang='lat' dir='ltr'><strong>aliquot</strong></span> <span class='ocrx_word' id='word_1_195' title='bbox 645 2581 748 2624; x_wconf 81' lang='lat' dir='ltr'><strong>locis</strong></span> <span class='ocrx_word' id='word_1_196' title='bbox 782 2581 1058 2625; x_wconf 76' lang='lat' dir='ltr'><strong>emendandis</strong></span> <span class='ocrx_word' id='word_1_197' title='bbox 1097 2581 1282 2637; x_wconf 77' lang='lat' dir='ltr'><strong>syllabas</strong></span> <span class='ocrx_word' id='word_1_198' title='bbox 1321 2595 1348 2624; x_wconf 87' lang='grc' dir='ltr'><em>α</em></span> <span class='ocrx_word' id='word_1_199' title='bbox 1390 2581 1586 2625; x_wconf 78' lang='lat' dir='ltr'><strong>librariis</strong></span> <span class='ocrx_word' id='word_1_200' title='bbox 1611 2592 1664 2622; x_wconf 70' lang='lat' dir='ltr'><strong>em</strong></span> 
     </span>
     <span class='ocr_line' id='line_1_26' title="bbox 231 2653 826 2710; baseline 0.002 -16"><span class='ocrx_word' id='word_1_201' title='bbox 231 2666 373 2695; x_wconf 74' lang='lat' dir='ltr'><strong>errore</strong></span> <span class='ocrx_word' id='word_1_202' title='bbox 408 2654 587 2695; x_wconf 79' lang='lat' dir='ltr'><strong>omissas</strong></span> <span class='ocrx_word' id='word_1_203' title='bbox 622 2653 826 2710; x_wconf 55' lang='lat' dir='ltr'><strong>addenda</strong></span> 
     </span>
    </p>
   </div>
  </div>
 </body>
</html>
