1905 3135
933 169 981 212 11

246 302 448 334 mosomus
491 304 611 341 moun
656 300 806 336 numus
845 302 1034 332 racemo
1075 302 1155 332 nox
1200 302 1406 345 marum,
1452 302 1504 343 ac,
1541 303 1673 333 vnum

244 373 375 416 men,
418 375 628 406 macnus
668 365 892 415 nexuum,
939 375 1017 405 nux
1062 356 1230 404 satu-reu
1246 393 1261 415 ,
1307 362 1384 415 {er}
1415 374 1560 405 senmo
1590 376 1674 405 snm

245 436 424 476 sarianum
455 447 595 477 srxrlr.

275 504 447 546 Verbis
487 506 672 547 didmre
700 504 793 545 iam
820 508 900 546 etc.
932 504 1137 545 rationem
1166 469 1306 557 reddi,
1336 516 1413 546 cur
1443 504 1676 547 Trebellius

245 575 411 630 segnior
440 580 483 617 et
511 574 639 617 nullis
668 578 899 616 castrorum
929 574 1245 629 experimentis,
1276 574 1472 616 comitate
1492 573 1674 629 quadam

242 645 415 688 curandi
456 646 712 700 provinciam
755 645 960 700 tenuerit,
1004 645 1182 702 quisque
1226 644 1348 687 videt.
1399 644 1453 686 At
1499 646 1674 688 obscura

244 722 341 760 sunt
369 717 493 758 verba

286 787 437 829 -Vttiis
482 786 799 829 blandientibus
843 787 1080 842 »imprimis
1119 787 1330 841 luxuriae,
1371 788 1439 829 cui
1471 787 1548 843 ipsi
1579 787 1672 829 Bri.

241 859 358 900 tanni
375 876 378 879 ·
395 859 596 912 paulatim
641 857 862 912 indulgere
902 862 1162 912 coeperunt.»
1222 857 1293 900 Or.
1326 858 1550 911 anosoere
1594 871 1671 900 «sc.

241 929 447 971 servitutis
497 941 595 971 suae
636 929 884 971 auctoribus.
942 927 1122 981 Quidam
1160 929 1266 970 vitiis
1302 941 1378 983 pro
1419 928 1555 971 dativo
1594 929 1672 971 ha-

237 1000 405 1045 .buere.›'›
452 999 739 1055 Doederlein,
776 1000 848 1055 qui
871 1013 960 1055 pro
990 1000 1175 1042 >ablativo
1211 1000 1399 1042 absoluto
1429 999 1580 1055 habet,
1609 1002 1676 1050 in-

240 1071 452 1127 terpunxit
482 1077 576 1127 ,post
606 1072 835 1127 ignoscere.
882 1071 986 1114 Mihi
1015 1072 1125 1112 vitiis
1155 1077 1216 1113 est
1247 1071 1408 1114 dativus
1448 1073 1532 1126 rei,
1558 1072 1674 1114 blan-

241 1142 449 1185 dientibus
479 1143 704 1199 personae,
742 1144 990 1198 interpretor
1025 1144 1097 1197 iis,
1117 1144 1189 1197 qui
1210 1144 1318 1185 vitiis
1339 1143 1672 1187 blandiebantur.

248 1212 363 1255 Votis
400 1213 492 1255 suis
527 1213 706 1254 blandiri
747 1212 991 1256 Ovid.--·am.
1032 1215 1076 1267 2,
1117 1215 1189 1267 11,
1230 1215 1286 1254 54
1318 1214 1373 1256 cf.
1406 1214 1524 1256 Klotz
1555 1216 1600 1256 in
1636 1229 1673 1258 v.

241 1282 434 1326 blandiri.
483 1282 559 1325 «Ad
599 1284 917 1338 ambiguitatem
930 1315 944 1338 ,
962 1316 966 1319 .
981 1292 1087 1338 quae
1117 1284 1170 1324 ,in
1207 1284 1329 1326 vitiis
1358 1285 1677 1327 blandientibus

241 1355 449 1407 inest,2cf.
470 1355 586 1399 Caes,
604 1356 650 1398 B.
674 1355 722 1398 G.
759 1357 801 1410 1,
833 1355 891 1397 42
908 1355 1117 1398 'omnibus
1147 1356 1268 1411 equis
1299 1355 1439 1399 Gallis
1462 1355 1676 1412 equitibus

241 1428 443 1471 detractis
457 1458 471 1484 ,
504 1439 759 1483 quamquam
789 1427 868 1470 loci
899 1440 985 1470 non
1016 1427 1187 1483 eadem,
1220 1441 1268 1470 ac
1299 1428 1460 1483 Taciti,
1478 1429 1583 1472 ratio
1597 1433 1672 1472 est.

241 1500 509 1543 Pervenimus
547 1499 600 1542 ad
637 1498 895 1554 explicanda
907 1500 1031 1541 verba
1057 1500 1129 1553 {et}
1160 1501 1327 1543 seditio.
1376 1501 1519 1543 »Haec
1551 1500 1671 1543 codd.

239 1569 388 1625 lectio,
418 1570 495 1612 etsi
535 1569 804 1625 praeferenda
834 1569 993 1611 Puteol.
1026 1569 1332 1630 interpolationi
1371 1570 1470 1613 haec
1496 1571 1672 1626 seditio,

238 1647 380 1683 tamen
410 1642 553 1683 vitiosa
583 1634 764 1695 videtur,
795 1641 942 1683 malim
972 1632 1169 1695 equidem
1198 1647 1240 1683 et
1275 1641 1496 1684 deletum.»
1532 1641 1604 1684 Or.
1619 1666 1669 1672 ——

239 1709 464 1767 »Suspicor
477 1724 529 1754 ea
542 1712 714 1755 seditio»
742 1711 871 1754 Doed.
895 1710 978 1753 Alii
997 1711 1111 1754 aliud
1126 1712 1394 1754 coniecerunt
1413 1711 1458 1755 ef
1472 1712 1670 1756 Waltber.

239 1782 304 1825 ad.
336 1782 379 1823 h.
413 1783 455 1837 l,
485 1788 528 1824 at
558 1782 611 1824 ad
630 1795 764 1825 unum
794 1783 1083 1824 omnes-male
1114 1782 1166 1824 de
1186 1783 1377 1825 hocloco
1397 1785 1538 1826 meriti
1560 1790 1670 1826 sunt.

238 1853 475 1901 Videndum
508 1860 590 1909 est,
629 1868 683 1896 an
723 1855 838 1897 locus
885 1855 991 1896 iusta
1021 1854 1293 1909 explicatione
1330 1854 1499 1897 defendi
1530 1856 1670 1911 possit.

237 1926 287 1968 Et
317 1926 511 1981 primum·
533 1925 705 1981 quidem
730 1939 793 1981 ac,
830 1924 941 1981 quod
971 1926 1017 1966 in
1049 1926 1129 1980 eis,
1151 1938 1256 1980 quae
1277 1927 1518 1968 necessitate
1536 1940 1669 1981 quan-

237 1997 335 2039 dam
364 1998 701 2053 consequutionis
731 2003 841 2040 arcte
861 1996 1109 2051 cohaerent,
1129 2001 1353 2051 usurpatur
1371 2010 1411 2029 =
1424 1998 1562 2052 etita,
1584 1999 1672 2040 and

236 2081 307 2123 so,
336 2069 382 2110 τὲ
410 2067 524 2110 addit
554 2068 622 2122 id,
653 2068 765 2123 quod
795 2080 846 2110 ex
876 2080 950 2122 eo,
982 2067 1093 2122 quod
1119 2068 1312 2122 precario
1343 2068 1538 2122 praefuit
1566 2068 1671 2110 Tre-

236 2140 385 2182 bessius
416 2141 614 2195 sequitur.
648 2140 701 2183 ef.
739 2139 873 2182 Hand.
907 2139 1027 2182 rrurs.
1062 2140 1102 2193 1,
1133 2152 1174 2194 p.
1208 2139 1318 2189 478,
1352 2141 1424 2194 qui
1455 2140 1492 2181 n
1522 2154 1561 2195 p.
1581 2128 1669 2183 4'98

237 2210 341 2252 »ahi
373 2212 633 2267 particulam
676 2217 737 2262 et,
785 2211 941 2266 inquit,
983 2223 1063 2266 pro
1092 2211 1224 2252 etiam
1254 2200 1446 2265 sequitur
1475 2212 1668 2266 neqatio,

235 2293 382 2324 sensus
425 2283 597 2325 censistit
636 2283 856 2325 verbm-mn
885 2295 938 2324 ne
969 2283 1158 2337 quidem»
1199 2281 1311 2335 quod
1341 2281 1393 2323 ad
1424 2282 1587 2337 locum,
1618 2283 1670 2324 de

236 2363 319 2405 quo
351 2354 542 2408 agimus,
574 2353 798 2396 transferas
817 2353 943 2395 velim
960 2386 973 2408 ,
1005 2366 1105 2396 nam
1137 2354 1180 2394 in
1201 2353 1334 2395 verbis
1353 2353 1449 2396 sine
1464 2355 1669 2408 sanquine

237 2424 342 2465 inest
382 2427 563 2478 negatio.
613 2421 745 2470 Stetit
782 2438 866 2467 non
906 2443 925 2461 υ
935 2426 1125 2479 cessavit,
1157 2424 1295 2467 sedata
1334 2431 1437 2479 est,»
1478 2432 1526 2468 ut
1559 2439 1669 2468 non-

237 2494 341 2537 nulii
387 2494 439 2550 (v.
487 2508 522 2538 e.
573 2496 782 2552 Doederl.)
830 2497 1090 2552 interpretati
1114 2501 1262 2550 sunt,
1302 2495 1373 2537 sed
1404 2514 1422 2533 »
1433 2497 1616 2538 constitit
1625 2516 1659 2551 ,n

236 2580 400 2622 prorsus
428 2572 473 2608 ut
504 2567 607 2610 Hist.
643 2570 687 2624 5,
720 2570 792 2623 55,
816 2569 895 2611 Dr.
931 2569 1118 2624 (kosten,
1149 2567 1322 2623 coutet).
1349 2586 1375 2605 ·»
1386 2567 1456 2611 Or.
1486 2569 1603 2623 pacti
1630 2579 1668 2597 =

236 2640 343 2693 pacti
374 2643 507 2682 essent
538 2638 594 2680 cf.
628 2639 815 2683 Walther
840 2639 903 2683 ad.
937 2640 979 2683 h.
1013 2640 1041 2681 l.
1075 2639 1178 2682 Dele
1208 2640 1340 2695 igitur
1355 2653 1497 2696 uncos,
1520 2640 1669 2696 quibus
