1905 3135
926 162 980 205 57
1301 205 1336 248 o
1528 185 1577 229 η

261 287 270 297 .
1326 219 1477 324 711&
1568 202 1704 292 *⁶5¹*

240 298 298 329 sie
326 298 366 339 p.
397 282 510 336 182,
538 282 566 324 I.
602 282 652 324 11
688 281 812 324 credo
842 293 926 322 non
959 293 1032 335 nr,
1068 281 1137 323 sed
1174 295 1220 325 Ac
1249 280 1382 323 excidi
1467 244 1673 389 ηξῷιὴ.

1645 377 1700 437 ¹«

239 367 355 398 mam
379 353 656 397 antecedentis
684 367 770 400 voc.
804 351 1019 407 syllabam.

300 424 410 468 Ibid.
438 438 529 482 cap.
558 426 638 476 LV,
667 438 710 480 p.
749 423 854 478 465,
879 424 907 466 I.
943 424 984 466 7.
1013 424 1292 479 supplendum
1316 436 1403 465 esse
1429 424 1552 467 credo
1586 438 1674 467 ser-⁴
1700 412 1819 498 “va

241 502 389 538 var-ent
413 510 514 538 sane
546 496 608 539 SE
638 500 821 549 receptos
853 494 967 538 CUM
1000 495 1197 549 qreqibus
1221 501 1314 539 eta:
1353 500 1394 537 et
1430 496 1488 538 sic
1506 509 1548 550 p.
1568 494 1670 546 580,

240 565 268 607 1.
303 565 329 608 8
360 566 483 609 lectio
513 553 597 621 opt.
629 563 720 606 cod.
750 564 968 619 torquibus
998 563 1139 606 addito
1168 577 1264 608 omn
1278 564 1447 606 retineri
1477 565 1641 619 poterit.

300 637 419 679 Lihr.
461 637 547 690 XV,
578 649 666 690 cap.
703 635 760 689 L,
800 649 840 690 p.
876 634 978 689 577,
1012 635 1040 678 l.
1081 636 1136 677 15
1263 648 1558 678 ruzcnnmuuun
1584 648 1672 678 Am·-

242 721 328 750 muu
363 718 731 749 exsrfflnuvnnmr.
782 696 887 748 ‚Non
916 706 1026 752 male
1051 705 1223 748 fortasse
1253 705 1342 760 Or.,
1375 704 1467 747 «An
1478 706 1674 760 pulcher-

241 780 402 821 rimam
431 791 481 819 An
515 789 668 820 nemus
695 777 941 824 animum&

298 848 409 889 Ibid.
436 861 524 903 cap.
559 847 728 902 LXXIV,
759 860 798 902 p.
834 846 937 901 597,
967 847 996 888 l.
1028 845 1104 888 10:
1148 847 1290 900 «Quon
1321 859 1464 895 eumen
1500 859 1573 888 u.1.1
1603 859 1673 888 1>ss-

239 932 458 962 cmumnxr-
473 931 656 966 ‘ramnum
693 931 868 960 nonum
898 930 1095 959 usnemu
1122 930 1282 960 neusse
1312 931 1358 958 m·
1384 930 1673 960 venenum

240 1001 411 1031 namnum
441 1001 583 1030 nem-ro
596 1020 609 1042 ,
637 1000 870 1037 enormium
896 1001 946 1029 An
972 1000 1091 1031 emm
1126 1000 1254 1031 nomn
1285 1000 1343 1029 sm
1378 999 1511 1028 exitus
1529 1000 1673 1029 vnn-re-

240 1072 367 1103 mzrun
403 1065 508 1102 etc.»

301 1131 356 1178 Ut
385 1131 624 1186 pronomini
652 1130 727 1172 illi
761 1134 1004 1184 corruptum
1041 1128 1212 1184 quidem
1251 1130 1519 1184 quorundum
1544 1142 1672 1185 oppo—

241 1203 368 1243 situm
399 1207 481 1255 est,
511 1203 573 1245 ita>
597 1202 722 1243 verbo
746 1201 989 1245 decernebat
1014 1201 1127 1243 aliud
1162 1202 1396 1255 oppositum
1426 1202 1479 1243 sit
1509 1214 1674 1245 necesse

240 1259 309 1322 esd
345 1272 448 1314 Vide
461 1303 474 1326 ,
518 1285 571 1314 an
602 1272 742 1326 aliquo
777 1270 902 1315 modo
932 1284 1078 1314 verum
1107 1273 1374 1326 reppererim.
1423 1270 1604 1327 Suppleo
1632 1277 1674 1314 et

240 1342 419 1392 emendo
449 1342 492 1385 h.
525 1343 553 1385 l.
586 1342 667 1385 hoc
696 1341 847 1385 modo:
1017 1349 1019 1351 ’

313 1433 410 1458 ......
414 1414 588 1469 quldam
618 1427 746 1456 Tmen
780 1427 1013 1457 numnam
1052 1413 1113 1455 aN
1143 1413 1196 1455 IN
1230 1414 1374 1456 omina
1404 1413 1576 1457 Po'rlus
1604 1416 1676 1457 sui

238 1487 382 1530 emitas
417 1491 661 1528 verteretur.
1406 1541 1409 1542 ⁷

300 1554 477 1611 Singula
519 1555 730 1599 videamus
778 1556 1041 1611 quorumdam
1069 1561 1313 1612 corruptum
1344 1569 1433 1599 esse
1463 1556 1588 1599 credo
1621 1569 1673 1599 ex

238 1628 414 1681 quidam
454 1632 620 1680 tamen,
663 1639 769 1680 quae
798 1626 994 1669 vocabula
1020 1632 1162 1668 notata
1190 1628 1236 1668 in
1260 1640 1406 1669 ,unum
1435 1628 1547 1670 male
1570 1641 1672 1670 con—

238 1701 367 1739 tracta
400 1701 497 1737 sunt
525 1709 562 1740 v.
595 1709 631 1738 c.
658 1696 867 1751 quimtam
896 1708 995 1738 cum
1021 1696 1095 1738 Iin.
1125 1709 1249 1751 super
1278 1697 1297 1738 i
1327 1702 1368 1738 et
1393 1711 1438 1739 m
1459 1697 1520 1753 (in
1535 1702 1672 1740 extre-

239 1779 310 1808 mo
335 1780 420 1808 voc.
454 1766 556 1820 tam)
585 1780 692 1821 quae
721 1772 862 1822 postea
896 1768 1071 1809 omissae
1106 1756 1227 1822 sulit,
1243 1768 1494 1811 dubitabant
1508 1768 1674 1822 excidit;

239 1844 281 1884 et
311 1837 362 1881 de
388 1843 515 1881 const.
544 1838 692 1881 dubito
720 1852 777 1881 an
806 1838 862 1881 cf.
884 1838 1046 1896 Kuehn.
1070 1837 1122 1880 ad
1137 1838 1221 1882 Cic.
1242 1840 1409 1883 Tuscul.
1433 1840 1477 1895 4,
1499 1840 1572 1896 22,
1594 1839 1673 1896 503

239 1923 295 1952 an
325 1914 366 1952 et
396 1910 451 1951 ad
479 1908 681 1951 confundi
714 1908 834 1951 docet
864 1922 900 1951 e.
933 1922 969 1954 c.
1003 1910 1124 1952 Tom.
1163 1910 1229 1965 11,
1258 1923 1299 1965 p.
1334 1911 1415 1966 55,
1446 1911 1474 1953 I.
1511 1911 1536 1953 7
1568 1917 1674 1967 etc,

239 1982 288 2022 in
303 1981 528 2023 sexcenties
560 1981 762 2024 omissum
791 1994 901 2035 esse,
924 1982 1009 2023 iam
1024 1994 1147 2036 supra
1162 1980 1246 2023 dixi
1260 1995 1274 2036 ς
1289 1988 1438 2025 verter.
1456 1983 1506 2039 in
1520 1983 1671 2026 Walth.

240 2051 363 2094 affert
391 2052 493 2094 Hist.
524 2052 565 2103 1.,
597 2051 678 2106 863
704 2052 873 2107 potius,
914 2052 1065 2095 Walth.
1100 2052 1152 2094 ad
1188 2053 1231 2095 h.
1265 2053 1293 2095 l.
1327 2054 1369 2095 M
1403 2059 1506 2096 teste
1517 2054 1670 2097 Victor.

242 2125 389 2165 dotum
419 2123 571 2164 habere
604 2122 728 2176 dicit,
763 2122 815 2165 de
840 2136 924 2177 quo
954 2123 1061 2164 nihil
1090 2137 1155 2178 ap.
1172 2123 1276 2177 ›Or.;
1311 2124 1412 2166 hinc
1433 2126 1580 2179 potius
1608 2140 1673 2169 re-

243 2192 408 2248 scripsi,
448 2194 519 2236 sui
557 2207 596 2225 =
629 2194 739 2249 eius,
778 2199 826 2235 ut
876 2195 1037 2249 saepius
1067 2194 1123 2237 cf.
1152 2207 1187 2237 e.
1212 2208 1248 2236 c.
1281 2194 1411 2237 Arntz
1441 2195 1494 2239 ad
1527 2195 1670 2240 Aurel.

244 2261 349 2304 vict.
379 2263 431 2306 de
463 2265 536 2305 vir.
572 2263 630 2306 ill.
660 2264 732 2318 22,
770 2264 797 2304 2
824 2269 901 2306 etc.

304 2332 424 2376 Libr.
478 2335 580 2380 XVI.
627 2348 716 2391 cap.
739 2334 861 2389 XXII,
891 2348 931 2390 p.
965 2334 1120 2391 618,1.
1157 2335 1237 2391 103
1270 2350 1387 2379 «amc
1421 2350 1482 2379 um
1518 2351 1672 2381 mecm-

246 2417 356 2465 mus
401 2418 473 2446 ‘rm
516 2419 600 2448 sum
650 2420 782 2460 Aures,
811 2419 895 2448 sum
922 2420 1081 2449 BONORE.
1095 2425 1114 2443 ι»
1155 2407 1331 2462 Lipsius
1359 2407 1566 2463 supplet...
1596 2415 1672 2452 tua

244 2466 358 2520 SINE
400 2474 560 2531 CURA,
591 2483 704 2521 artes
734 2478 826 2521 sine
856 2477 1035 2533 honore3
1067 2477 1291 2522 Gronov....
1313 2484 1402 2535 tua,
1429 2479 1571 2525 TUAE
1602 2495 1671 2525 ar-

244 2552 306 2590 tes
353 2552 429 2590 etc.
481 2546 613 2589 Possis
660 2562 825 2604 quoque
869 2549 1073 2592 coniicere
1118 2562 1140 2592 s
1186 2549 1312 2592 finale
1362 2563 1448 2594 voc.
1476 2557 1589 2595 artes
1619 2566 1670 2595 ex

244 2619 381 2675 primo
427 2618 713 2672 subsequentis
742 2621 879 2664 vocab.
907 2620 1062 2676 syllaba
1096 2626 1254 2665 temere
1275 2620 1484 2666 adiectum
1515 2636 1603 2667 esse
1617 2624 1657 2667 Ia
