1905 3135
921 183 977 225 29

237 308 312 349 iste
333 310 394 347 et.
417 303 507 354 ille,
537 305 593 347 ita
622 311 663 347 et
693 306 737 346 in
768 306 808 346 is
841 308 884 345 ct
916 304 985 346 hic
1015 305 1059 345 in
1103 304 1231 346 Taciti
1267 303 1382 345 libris
1407 317 1561 359 magna
1593 316 1662 346 raa

234 377 355 418 riatio
379 381 442 419 est
475 389 538 431 ap.
566 375 767 428 editorem,
798 372 879 416 vid.
912 374 1036 416 infra.

293 446 404 490 Ibid.
436 447 463 490 l.
505 448 559 490 15
585 459 630 499 se
658 459 707 488 ex
734 457 875 488 errore
900 446 943 487 in
981 445 1050 488 ΡΙ)
1080 445 1280 488 omissum
1301 476 1304 479 -
1322 451 1383 488 est
1421 451 1463 489 et
1490 447 1661 489 restitu-

233 518 390 561 endum
426 533 525 562 cum
551 519 722 561 Pithoeo
749 523 791 560 et
821 518 949 560 Bekk.
1422 542 1427 548 ›

291 591 401 634 Ihid.
447 605 487 646 p.
521 590 640 644 465,
669 588 697 631 l.
732 589 758 630 4
798 588 1000 632 habetP.
1028 589 1177 644 possit.
1215 595 1256 631 et
1289 600 1375 644 eqo.
1426 577 1565 631 «thale
1596 602 1660 631 re-

232 662 358 715 petito
387 667 514 703 et-ex
543 673 663 702 versu
689 659 873 714 praeced.
908 660 1081 702 Emend.
1111 660 1241 702 Ern.»
1284 659 1356 703 Or.
1379 684 1429 691 —
1450 660 1660 714 Quinim-

231 744 303 775 mo
352 730 662 773 emendandum
708 731 753 771 in
795 728 867 784 At,
887 735 956 791 *ut
1001 730 1085 772 iam
1123 729 1332 792 Bipcntini
1360 730 1561 773 fecerunt.
1592 729 1661 775 Sic

231 804 351 845 Tom.
380 802 431 855 11,
457 815 497 856 p.
530 802 574 856 8,
600 802 628 843 l.
663 801 690 843 9
727 814 802 856 pro
826 807 884 855 et,
913 801 1026 856 quod
1051 802 1093 843 M
1124 802 1263 856 habet,
1293 803 1440 844 malim
1462 809 1507 845 at
1521 804 1661 846 rescri-

231 873 346 925 bere,
377 884 503 927 quam
533 873 607 915 sed
634 885 657 913 a
684 871 898 914 Rhenano'
917 870 1186 914 emendatum
1212 874 1406 927 recipere.

288 945 400 988 Ihid.
435 945 463 987 l.
498 944 541 1000 8,
572 945 927 997 necessitudine53
975 943 1131 986 «hahet
1159 945 1421 988 necestitates
1457 958 1657 1000 superscr.

230 1017 422 1059 nationes
453 1016 514 1071 P.,
546 1029 597 1059 ex
617 1029 698 1071 qua
730 1017 815 1071 ipsa
839 1012 1095 1071 διττογρωφίᾳ
1120 1029 1194 1071 per
1223 1016 1315 1072 Syll.
1353 1015 1470 1059 iones
1494 1022 1662 1072 apparet

230 1087 274 1128 in
296 1087 448 1129 Ioviani
480 1087 703 1142 archetypo
729 1087 884 1141 aliquid
934 1086 1076 1141 fuisse,
1112 1086 1222 1142 quod
1252 1088 1420 1141 propius
1449 1086 1662 1130 accederet

230 1157 281 1199 ad
309 1170 344 1201 v.
375 1159 701 1201 necessitudines
723 1158 813 1200 cod.
847 1158 893 1201 F.
927 1163 968 1200 et
997 1164 1076 1200 vat.
1110 1157 1245 1212 4498,
1277 1170 1405 1212 quam
1434 1171 1471 1201 v.
1488 1159 1660 1202 necessi·

228 1235 366 1283 tates»
407 1230 477 1272 Or.
511 1230 633 1272 Certe
662 1230 768 1271 nihil
789 1229 918 1284 aliud,
943 1242 1070 1284 quam
1098 1229 1388 1284 aequatione&
1420 1229 1531 1283 quod
1557 1230 1589 1271 P
1614 1244 1655 1285 p.

230 1300 335 1355 498,
361 1301 390 1343 l.
419 1302 460 1343 5.
488 1305 731 1355 corruptum
757 1299 879 1343 offert
904 1301 949 1342 iu
981 1300 1278 1359 coqiationem.
1306 1299 1577 1342 emendatum
1593 1306 1658 1343 ta-

231 1384 330 1415 men
359 1372 443 1415 iam
475 1386 498 1414 a
531 1370 742 1415 Beroaldo.

289 1443 399 1485 Ibid.
443 1457 481 1498 p.
530 1443 634 1497 466,
675 1444 703 1485 1.
753 1442 795 1497 6,
827 1442 932 1484 mihi
973 1438 1243 1498 praeferenda
1274 1442 1436 1485 videtur
1465 1443 1656 1486 Doederl.

231 1515 471 1561 coniectura,
490 1514 565 1569 qul
596 1512 666 1555 EA
690 1514 898 1557 accinctus
919 1508 997 1569 'pro
1030 1514 1106 1569 qui
1119 1545 1132 1568 ,
1158 1513 1270 1568 quod
1306 1513 1349 1556 P.
1367 1513 1492 1556 habet
1512 1514 1565 1556 ab
1581 1514 1657 1558 Ur-

231 1586 322 1627 sino
367 1590 407 1626 et
427 1583 621 1626 Acidalio
656 1585 701 1625 in
734 1583 828 1639 quA
857 1584 1126 1626 emendatum
1158 1590 1199 1626 et
1233 1585 1284 1626 ab
1314 1583 1385 1627 Or.
1417 1590 1657 1641 receptum3

231 1669 280 1698 ea
315 1646 361 1698 εἶ
385 1668 421 1698 c.
450 1656 650 1709 omissum
680 1660 742 1697 est
779 1655 899 1697 Tom.
932 1654 963 1697 1.
995 1668 1035 1709 p.
1070 1654 1173 1709 174,
1202 1655 1231 1697 l.
1262 1656 1306 1709 2,
1336 1654 1407 1697 sed
1433 1669 1458 1697 a
1487 1655 1658 1699 Ferreto

232 1728 437 1770 insertum
471 1732 513 1767 et
552 1740 648 1768 eum
671 1727 856 1768 Tom.,l.
888 1739 928 1780 p.
959 1726 1067 1780 552,
1099 1726 1127 1767 l.
1162 1726 1213 1779 ‘23
1243 1727 1301 1767 sic
1331 1739 1454 1780 porro
1484 1727 1604 1769 Tom.
1622 1728 1656 1782 1,

230 1811 270 1854 p.
299 1797 403 1853 559,
435 1798 463 1840 l.
500 1798 519 1839 1
551 1797 664 1840 malo
698 1810 747 1840 ea
770 1797 1009 1851 absorptum
1028 1810 1051 1838 a
1066 1796 1221 1852 syllaba
1245 1803 1442 1851 Sequente
1458 1799 1655 1854 inserere,

229 1881 356 1923 quam
386 1874 452 1922 et,
482 1867 593 1922 quod
618 1868 661 1910 M
691 1867 840 1921 habet,
872 1880 971 1909 cum
996 1867 1101 1921 Lips.
1134 1868 1178 1907 in
1203 1880 1253 1908 ea
1279 1873 1456 1911 mutare.

291 1939 386 1994 Gap.
428 1939 495 1980 vl.
537 1952 578 1993 p.
618 1937 722 1993 467,
752 1938 781 1980 l.
815 1937 866 1992 7,
898 1936 1018 1990 Quod
1047 1937 1095 1980 id
1129 1938 1334 1992 qaudium
1355 1944 1432 1981 etc.
1460 1939 1586 1982 habet
1607 1940 1652 1983 P.

230 2010 300 2053 Or.
332 2024 369 2053 c.
406 2010 617 2053 Walthero
648 2010 800 2088 om'ffit.
834 2008 888 2051 At
916 2009 1040 2051 male.
1072 2009 1400 2052 Rescribendum
1426 2023 1514 2054 esse
1530 2012 1655 2055 credo

229 2083 348 2141 Quod
384 2084 452 2126 ET
487 2083 691 2139 qaudiwm
719 2087 818 2137 etc,
847 2087 888 2124 et
909 2094 949 2113 =
973 2082 1091 2124 etad
1121 2082 1196 2125 Ιιοο
1227 2095 1258 2124 S.
1290 2087 1332 2124 et
1366 2083 1585 2139 similiter,
1617 2098 1651 2127 s.

222 2161 441 2211 praeterea
474 2169 515 2187 =
549 2156 638 2198 und
681 2156 793 2197 daza
824 2168 856 2197 S.
904 2154 993 2196 und
1036 2153 1142 2197 auch
1174 2168 1205 2196 S.
1238 2154 1327 2196 und
1358 2155 1562 2210 κωμάσω
1594 2156 1652 2200 cf.

227 2226 360 2270 Hand.
398 2228 518 2270 Tom.
550 2227 599 2269 11.
631 2240 671 2282 p.
706 2225 808 2281 505,
844 2225 921 2268 Nm.
962 2226 1002 2268 1.
1319 2267 1327 2269 s

286 2296 397 2341 Ibid.
426 2311 466 2353 p.
496 2285 599 2352 467,
631 2297 660 2340 l.
687 2295 827 2351 9.»..‚..
850 2301 891 2338 et
905 2296 1089 2351 accipere
1115 2295 1328 2351 affectum,
1357 2310 1654 2354 quemcumque

227 2374 368 2413 orator
389 2370 632 2423 indueret&
659 2368 712 2411 At
748 2367 876 2412 codex
906 2369 1087 2423 optimus
1105 2367 1149 2410 P.
1166 2367 1267 2422 quid
1297 2368 1444 2412 habet?
1464 2369 1653 2422 Quando-

227 2453 396 2496 cunque.
450 2440 627 2495 Optime.
676 2440 757 2484 Sed
799 2440 895 2495 quia
930 2440 975 2481 in
1011 2440 1102 2481 loco
1134 2430 1373 2494 'corruptela
1403 2446 1488 2495 cst,
1524 2455 1650 2496 quam

227 2527 313 2556 non
348 2511 538 2555 viderunt
567 2514 824 2568 interpretes,
858 2525 908 2554 ex
939 2511 970 2553 F
1006 2511 1119 2567 (mg.
1147 2510 1190 2554 P.
1219 2514 1490 2570 quacunque)
1507 2527 1652 2569 quem—

226 2574 406 2641 cumduc
422 2585 731 2640 rescripserunt.
750 2584 882 2627 Male!
906 2607 955 2613 ——
975 2584 1159 2633 Restitue
1172 2585 1499 2640 quandocunque
1514 2598 1654 2628 emen·

229 2657 393 2700 datione
421 2669 511 2699 mea
528 2655 712 2709 affectus
738 2657 913 2712 recepta.
938 2655 1146 2698 Plurativo
1163 2668 1338 2698 numero
1353 2657 1652 2701 abstractorum
