1905 3135
952 175 1008 216 95

268 294 521 351 vmoRUM,
553 296 614 339 De
642 288 879 340 mutatione
895 295 1198 340 terminationis
1229 308 1275 338 os
1301 297 1345 338 in
1371 309 1493 339 orum
1511 294 1570 339 cf.
1586 310 1691 351 quae

266 379 389 422 supra
418 366 470 409 ad
500 368 592 410 libr.
622 368 705 423 111„
733 379 822 422 cap.
854 365 1005 422 XVIII,
1034 366 1064 409 l.
1098 366 1125 408 7
1156 366 1312 421 scripsi.

325 436 390 481 Ad
419 439 550 492 finem
581 441 665 482 iam
696 452 767 492 ea,
797 451 903 492 quae
932 438 1012 481 hoc
1042 438 1183 482 libello
1214 450 1419 493 exponere
1450 438 1585 493 volui,
1616 405 1692 480 ad-

266 507 378 552 duxi.
426 508 520 552 Alio
561 515 769 564 tempore,
800 521 933 563 quum
963 508 1016 551 de
1046 507 1165 551 codd.
1156 539 1184 563 .,
1214 508 1365 563 quihus
1395 507 1466 551 Or.
1500 510 1545 550 in
1575 509 1695 552 ador-

263 581 400 623 nanda
430 581 611 624 editione
628 611 642 635 ,
673 592 799 634 quam
831 580 990 634 emisit,
1022 592 1121 621 usus
1152 584 1235 635 est,
1265 580 1541 634 explicaturus
1571 593 1692 635 sum,

261 652 313 695 de
359 653 470 707 aliis,
516 652 623 707 qua'e
668 651 723 693 ad
768 656 957 706 textum,
994 663 1122 706 quem
1153 650 1325 705 dicunt,
1356 651 1694 695 constituendum

261 729 471 780 spectant,
521 735 669 779 agam,
699 723 777 777 Ea,
809 735 915 778 quae
944 722 1014 765 hic
1044 722 1209 765 libellus
1238 723 1449 777 continet,
1480 724 1565 765 iam
1596 729 1692 765 ante

260 801 343 837 tr‘es
373 796 536 837 circiter
565 807 696 836 annos
726 794 850 836 edere
878 794 1080 836 volebam·
1131 793 1250 846 Quod
1281 794 1383 848 quin
1414 793 1662 848 perfecerim
1678 826 1692 849 ‚

261 865 430 919 multis,
477 877 583 919 quae
628 865 733 906 scire
762 864 926 906 lectoris
957 864 1064 905 nihil
1093 864 1296 918 interest,
1326 863 1550 919 impeditus
1580 877 1690 907 sum.

260 936 430 978 Utinam
460 935 530 977 hic
559 935 725 978 libellus
755 934 911 989 aliquid
942 934 1044 976 utile
1067 933 1119 976 ad
1146 934 1276 976 Taciti
1292 947 1417 989 opera
1430 934 1693 978 emendanda

260 1011 303 1049 et
346 1006 587 1062 explicanda
604 1046 608 1049 ,
627 1005 841 1064 conferat!
884 1004 994 1049 Ante
1040 1006 1115 1049 hos
1159 1005 1355 1048 undecim
1384 1008 1519 1049 annos‘
1545 1019 1692 1050 meum

260 1077 527 1120 adolescentis
561 1077 839 1132 septendecim
871 1089 1001 1119 annos
1034 1078 1121 1118 nati
1147 1077 1338 1118 animum
1363 1077 1692 1131 jucundissimae

260 1148 464 1190 librorum
490 1148 775 1190 Tacitinorum
805 1148 993 1190 lectionis
1014 1147 1221 1201 voluptate
1235 1148 1408 1201 explevi
1425 1179 1439 1202 ,
1460 1153 1508 1190 ut
1528 1150 1691 1203 saepius

261 1218 354 1260 illos
400 1216 663 1272 perlegerim.
717 1217 783 1259 Ad
814 1218 945 1260 Taciti
976 1217 1232 1259 voluntatem
1263 1230 1389 1271 quam
1419 1218 1607 1272 proxime
1641 1224 1691 1261 ut

262 1288 481 1342 accedere,
525 1289 614 1330 eius
655 1293 844 1329 mentem
873 1289 1038 1342 penitus
1068 1293 1116 1331 ut
1146 1289 1306 1342 assequi
1337 1302 1499 1343 possem
1514 1321 1528 1344 ,
1558 1301 1690 1344 quan-

260 1364 354 1401 tum
383 1372 457 1414 per
487 1360 689 1414 exiguum
719 1359 939 1414 ingenium
968 1359 1111 1413 potui,
1138 1358 1302 1412 studui,
1319 1363 1367 1400 ut
1397 1359 1580 1403 formam
1610 1360 1690 1402 Ta-

259 1431 331 1472 citi
376 1431 540 1486 ingeni-
561 1435 602 1472 et
648 1430 775 1472 animi
814 1429 1034 1472 induerem
1064 1429 1286 1485 idemque,
1316 1435 1440 1486 atque
1469 1431 1567 1486 ille,
1595 1443 1689 1474 sen·-

260 1502 398 1544 tirem.
