1905 3135
923 432 990 471 DE

341 582 626 647 [1³OE3}OEOE
689 583 1132 647 OEOEOEROEBJN)
1193 584 1573 658 mommo„

459 735 588 809 Belgica
612 736 768 791 librorum
792 755 815 790 a
837 736 947 791 'latito
971 736 1227 809 conscriptorum
1250 738 1442 810 interprete.

778 889 1134 930 &cst-*Q

295 1035 357 1077 De
384 1035 556 1078 ‘Hoofto
600 1036 642 1077 h.
677 1036 705 1077 l.
754 1048 883 1089 pauca
915 1034 1078 1077 dicturo
1109 1035 1212 1078 haec
1242 1036 1420 1091 praefari
1452 1050 1476 1078 a
1507 1050 1553 1079 re
1584 1049 1669 1080 non

236 1095 423 1137 alienum
455 1096 560 1136 mihi
592 1096 728 1136 visum
759 1101 832 1137 est.

295 1154 363 1210 Id,
405 1155 517 1210 quod
548 1156 812 1210 potissimum
843 1160 915 1197 aut
945 1167 1081 1197 unum
1112 1156 1157 1197 in
1189 1155 1347 1210 aliquot
1378 1156 1579 1211 exemplis
1607 1158 1671 1198 in-

234 1217 541 1270 terpretationis
587 1216 874 1257 Tacitinorum
919 1215 1125 1257 librorum
1156 1216 1207 1257 ab
1239 1216 1391 1258 Hoofto
1421 1218 1595 1259 emissae
1625 1218 1670 1258 in

233 1274 349 1320 hunc
394 1276 585 1319 libellum
616 1276 765 1319 additis
795 1276 1057 1332 spectabam,
1089 1282 1202 1332 erat,
1234 1282 1280 1320 ut
1310 1277 1427 1320 illam
1458 1277 1670 1334 vulgatam

236 1336 545 1379 Germanorum
576 1338 817 1392 opinionem
847 1336 1372 1391 belgicarum'litterarum
1393 1344 1668 1380 monumenta

234 1397 351 1440 nulla
382 1403 454 1440 aut
484 1398 588 1440 levia
619 1410 733 1452 esse,
765 1397 913 1439 saltem
944 1396 1081 1451 aliqua
1112 1409 1163 1439 ex
1192 1403 1308 1452 parte
1322 1397 1527 1440 tollerem.
1550 1397 1670 1451 Quod

232 1471 317 1511 quo
348 1459 499 1499 melius
529 1456 797 1512 perficerem,
829 1462 924 1498 ante
955 1456 1059 1499 duos
1078 1469 1208 1498 annos
1225 1458 1463 1511 inceperam
1478 1458 1669 1500 libellum

232 1519 519 1573 conscribere,
551 1530 655 1573 quo,
691 1529 898 1573 quaenam
929 1515 1071 1559 Hoofti
1102 1521 1143 1559 et
1174 1516 1437 1573 Bilderdycki
1469 1518 1552 1559 sint
1583 1531 1670 1561 me-

231 1580 312 1620 rita
358 1585 400 1620 et
442 1578 495 1620 de
539 1579 710 1633 lingua,
742 1591 869 1632 quam
901 1583 1070 1631 vocant,
1102 1577 1343 1620 Hollandica
1374 1578 1597 1620 excolenda
1628 1585 1670 1620 et

230 1637 283 1680 de
313 1638 484 1681 historia
514 1637 818 1693 componenda,
849 1636 1066 1679 ostendere
1096 1637 1296 1679 volebam.
1328 1637 1416 1679 Hoc
1446 1637 1668 1681 consilium

229 1698 327 1741 licet
357 1700 467 1754 ipse,
499 1700 596 1753 quia
626 1700 753 1740 nimis
784 1710 978 1740 meorum
1009 1696 1244 1739 studiorum
1274 1699 1479 1740 rationem
1500 1706 1669 1741 contur-

229 1758 373 1810 babat,
422 1760 668 1813 abiecerim,
710 1771 761 1800 ex
797 1758 927 1799 animi
959 1758 1162 1800 sententia
1192 1763 1335 1800 tamen
1365 1762 1485 1813 opto,
1517 1763 1564 1800 ut
1594 1759 1668 1800 ali·

230 1820 324 1874 quis
354 1819 407 1861 de
436 1820 643 1874 proposita
675 1832 720 1860 re
761 1832 809 1860 ac
839 1817 891 1859 de
921 1817 1107 1860 Vondelo
1138 1819 1260 1873 eique
1290 1819 1531 1873 aequalibus
1548 1832 1669 1861 accu-

229 1884 319 1922 rate
349 1885 473 1935 atque
503 1880 706 1934 exquisite
722 1878 917 1933 disputet.
952 1878 1089 1921 Velim
1103 1909 1117 1932 ,
1133 1877 1369 1921 Catholicus
1390 1879 1455 1920 sit.
1475 1878 1588 1922 Cur?
1606 1879 1665 1922 Ne

231 1940 366 1982 multa
398 1941 531 1989 bona,
565 1941 667 1994 quin
699 1940 786 1981 imo
817 1940 1000 1980 maxime
1030 1939 1139 1980 bona
1159 1939 1331 1993 quidem
1346 1938 1666 1994 fide,attamem

227 2013 448 2055 perperam
495 2000 694 2055 explicata
725 2000 866 2054 legere
896 2004 1060 2041 coactus
1091 1999 1158 2041 sis.
1212 1998 1301 2053 Sic,
1333 2004 1380 2040 ut
1410 1999 1489 2042 hoc
1520 2012 1663 2042 exem-

227 2061 298 2117 plo
344 2068 453 2116 utar,
501 2061 726 2115 θείων-ας,
772 2059 981 2115 popularis
1026 2072 1166 2114 meus,
1197 2060 1418 2115 egregium
1450 2061 1666 2115 bonaeque

227 2122 365 2176 frugis
409 2123 702 2177 plenissimum
733 2121 914 2173 librum,
958 2133 1084 2173 quem
1136 2120 1245 2162 «Die
1274 2134 1426 2162 neuere
1457 2120 1664 2163 Deutsohe

227 2182 435 2226 National
471 2207 520 2213 -
557 2182 797 2224 Litteratur
827 2180 935 2223 nach
965 2180 1090 2222 ihren
1120 2179 1335 2223 ethischen
1365 2182 1454 2223 wad
1474 2181 1667 2235 roliyioe-

226 2256 302 2285 sen
335 2243 715 2297 Gesichtspunlcten
746 2248 846 2283 etc.»
888 2241 1117 2295 inscripsit,
1148 2240 1288 2283 edidit.
1327 2239 1523 2282 Attamen
1539 2254 1667 2295 quam

227 2303 388 2358 multa,
420 2303 517 2359 quia
550 2301 786 2356 Catholicae
817 2300 1013 2344 ecclesiae
1043 2300 1174 2343 fidem
1205 2313 1289 2343 non
1320 2300 1555 2357 profitetur,
1577 2314 1669 2357 per—

227 2377 372 2419 peram
419 2364 628 2419 explicuit.
679 2362 800 2416 Quod
831 2368 877 2404 ut
911 2375 995 2405 uno
1026 2362 1216 2417 exemplo
1247 2362 1522 2416 confirmem,
1553 2362 1669 2417 legas

228 2438 408 2480 quaeso,
440 2438 545 2479 quae
576 2423 628 2466 de
659 2423 834 2467 Claudio
866 2423 987 2465 Tom.
1021 2423 1083 2477 ΙΙ,
1114 2436 1154 2477 p.
1179 2422 1205 2465 6
1223 2436 1335 2478 seqq.
1358 2421 1423 2465 ed.
1441 2422 1491 2464 ll.
1510 2424 1669 2478 scripsit

227 2491 270 2528 et
312 2486 519 2541 imprimis
566 2484 732 2527 attende
764 2483 816 2526 ad
847 2483 925 2525 hac
957 2484 1100 2526 verba:
1146 2483 1267 2526 ‹Nur
1298 2497 1362 2525 mn
1393 2496 1667 2525 EvANchsan

227 2546 378 2589 chim
409 2552 510 2588 etc.»
568 2544 612 2588 Si
644 2551 810 2599 tamen,
842 2557 949 2598 quae
979 2544 1236 2586 sanctissima
1267 2550 1427 2597 mater,
1459 2543 1670 2586 Catholica

228 2607 416 2661 ecclesia,
448 2611 489 2649 et
520 2619 627 2661 quae
659 2607 703 2660 ii,
723 2606 795 2659 qui
827 2605 878 2646 ab
910 2605 999 2646 eius
1020 2610 1135 2659 parte
1152 2617 1237 2647 non
1254 2609 1389 2658 stant,
1406 2604 1578 2658 docent,
1599 2617 1668 2646 ac-

228 2672 370 2709 curate
401 2667 680 2722 perspexeris,
700 2664 923 2708 Claudium
956 2665 999 2705 in
1032 2664 1237 2719 plerisque
1268 2678 1351 2707 non
1380 2677 1478 2707 cum
1494 2664 1665 2706 Lutheri
