1905 3135
912 141 967 182 25

292 266 386 320 Cap.
421 258 529 307 XXI.
556 278 594 319 p.
625 263 729 323 560,
755 263 783 304 l.
823 261 872 315 ὃς
906 259 1031 303 habet
1061 259 1104 302 P.
1138 259 1306 315 aliqua,
1337 258 1449 313 quod
1479 258 1651 308 fortasse

229 335 397 380 defendi
436 340 567 391 potest
603 332 787 390 iugendo
824 344 941 374 conv.
976 335 1020 373 et
1049 330 1138 373 hos.
1175 343 1262 373 non
1295 329 1365 372 eff.
1399 330 1483 373 ind.
1512 330 1650 385 aliqua

231 406 356 463 ξοπιες
386 408 443 450 ita
478 412 525 449 ut
553 408 691 461 aliqua
712 404 801 446 fere
826 404 879 445 sit
898 403 978 445 alia
1004 416 1108 457 qua,
1137 415 1265 457 quem
1298 401 1351 445 ad
1382 401 1556 444 modum
1570 402 1653 457 ple—

230 491 408 535 rumque
441 479 646 535 explicant
680 474 735 518 cf.
777 473 944 528 Ruhnk.
988 473 1041 518 ad
1072 472 1176 515 Vell.
1207 472 1340 515 Pater.
1372 473 1413 527 1,
1444 471 1525 527 173
1559 485 1651 515 rec-

229 550 310 592 tius
334 550 580 593 vocabulum
610 547 771 601 aliquis
798 546 993 600 explicuit
1021 546 1071 587 R.
1104 545 1220 587 Klotz
1251 545 1297 585 in
1326 544 1369 586 h.
1401 557 1438 586 v.

290 621 399 664 Ibid.
433 634 474 676 p.
506 618 586 662 561
603 649 617 673 ‚
642 617 671 660 1.
699 618 723 659 5
768 617 1036 659 Pervenimus
1076 614 1129 657 ad
1173 614 1313 661 locum
1342 614 1651 657 vexatissimum

239 704 397 734 «vmrus
430 704 544 732 mrim
563 702 744 731 -nosrrrns
768 701 903 731 conns»
917 721 926 730 .
959 687 1087 729 Cuius
1117 700 1223 741 quae
1254 688 1458 729 sententia
1484 688 1552 740 sit,
1566 688 1652 728 iam

229 761 520 818 explicandum
559 765 634 804 est.
672 760 921 815 Interpretes
964 758 1016 801 ad
1058 771 1193 802 unum
1216 770 1362 802 omnes
1394 758 1439 800 in
1461 770 1512 801 eo
1545 757 1652 799 mihi

229 845 385 876 errasse
409 833 627 887 videntur,
660 831 771 886 quod
816 832 919 873 haec
950 831 1071 873 verba
1101 830 1289 872 referunt
1327 830 1379 871 ad
1408 843 1456 871 ea
1488 830 1654 884 omnia,

228 917 334 958 quae
368 903 632 958 praecedunt.
677 903 765 957 Ego
808 916 857 944 ea
892 900 1111 944 referenda
1154 914 1243 944 esse
1274 900 1397 943 credo
1430 901 1567 943 solum
1600 899 1653 943 ad
1732 938 1737 943 .

228 974 372 1017 verba:
440 974 747 1016 «abomim...
790 972 1084 1027 obliqamurnz
1131 971 1267 1015 victus
1306 992 1346 1010 =
1375 972 1652 1025 conversatio3

227 1045 372 1099 comis,
404 1045 514 1099 quod
541 1045 611 1087 alii
635 1045 748 1086 male
763 1045 807 1085 in
824 1044 1057 1087 communis
1081 1048 1245 1085 mutare
1268 1042 1436 1097 volunt,
1452 1043 1654 1097 explicem

229 1120 352 1158 canter
366 1114 602 1158 herzlicher
618 1114 870 1169 Hinqebunq
885 1113 1155 1167 dienstfertiq
1174 1114 1263 1155 und
1282 1113 1482 1167 unqenirt
1493 1127 1508 1155 .·
1526 1114 1658 1156 comis

239 1186 540 1235 «materieller,
557 1186 624 1227 als
643 1186 720 1226 das
738 1198 828 1240 syn.
846 1185 1083 1226 humanus»
1115 1183 1169 1226 cf.
1188 1184 1378 1226 Doederl.
1401 1185 1444 1238 ὃ,
1460 1198 1498 1238 p.
1522 1185 1548 1225 5
1565 1198 1653 1239 sqq.

228 1254 345 1297 Klotz
377 1255 421 1295 in
437 1267 474 1296 v.
501 1254 658 1296 Romae
683 1254 1052 1308 Romanorumque
1077 1254 1206 1295 victus
1221 1254 1346 1309 longe
1361 1254 1466 1296 alius
1483 1260 1592 1309 erat,
1609 1268 1656 1298 ac

229 1325 560 1381 Germanorum,
601 1313 781 1380 quorum
822 1330 1095 1380 utrorumque
1139 1338 1278 1367 mores
1307 1325 1350 1369 h.
1384 1325 1412 1369 l.
1446 1332 1658 1383 comparat

228 1396 408 1439 Tacitus.
450 1396 556 1438 Nam
599 1397 692 1451 quis
725 1396 1010 1438 Romanorum
1040 1396 1218 1437 invisens
1252 1395 1458 1450 hospitem
1488 1410 1656 1451 poscere

229 1466 332 1508 solet
367 1466 418 1507 ab
450 1479 500 1508 eo
531 1465 686 1520 aliquid
699 1497 712 1520 ‚
744 1470 790 1507 ut
805 1466 881 1507 sibi
912 1466 1190 1508 concedatur?
1222 1466 1272 1507 Et
1301 1466 1411 1521 apud
1425 1476 1554 1521 quem
1569 1468 1654 1512 Ro-

230 1547 454 1578 manorum
497 1536 626 1578 moris
662 1539 745 1590 est⁷
785 1535 953 1577 abeunti
994 1535 1167 1590 hospiti,
1199 1536 1232 1576 si
1263 1536 1363 1589 quid
1402 1540 1653 1594 poposcerit,

229 1606 479 1648 concedere?
511 1605 613 1658 Quis
643 1606 822 1660 denique
846 1612 907 1648 est
932 1607 1240 1657 Romanorum,
1266 1608 1339 1661 qui
1356 1621 1435 1652 nec
1453 1608 1548 1652 data
1563 1623 1653 1653 mu-

229 1690 330 1720 nera
364 1678 541 1733 imputet
566 1690 644 1720 nec
673 1678 848 1732 acceptis
882 1677 1116 1732 obligetur?
1148 1677 1394 1734 Perstringit
1423 1679 1558 1735 lepide
1574 1681 1655 1724 Ro-

230 1761 451 1791 manorum
482 1761 632 1791 moreS.
665 1748 736 1791 Or.
769 1749 984 1806 explicatio
1014 1750 1116 1791 item
1147 1749 1417 1804 improbanda}
1447 1757 1521 1794 est.

292 1819 388 1875 Gap.
415 1820 521 1863 XXV
547 1833 587 1876 p.
617 1819 722 1875 564,
751 1820 779 1862 l.
814 1820 855 1862 6.
884 1807 1072 1864 ¹Omnino
1097 1820 1330 1876 recipienda
1357 1827 1418 1863 est
1443 1823 1565 1866 lectio
1596 1825 1646 1867 P:

241 1910 258 1927 «
270 1892 342 1934 UT
369 1904 513 1934 servus
542 1891 743 1935 hactenus
768 1896 910 1947 paret»
950 1896 997 1933 ut
1015 1913 1055 1930 =
1074 1892 1185 1946 licet,
1210 1893 1397 1946 quamvis
1423 1906 1562 1937 servus
1582 1896 1651 1950 sit,

230 1968 371 2004 tamen
416 1961 615 2005 hactenus
639 1985 690 1992 -—
713 1961 767 2005 cf.
816 1961 948 2005 Hand.
996 1963 1116 2004 Turs.
1172 1962 1227 2004 111
1275 1976 1314 2017 p.
1364 1963 1390 2005 8
1426 1969 1466 2006 et
1515 1965 1571 2007 12
1597 1989 1647 1996 —-

230 2035 361 2088 paret,
405 2038 452 2075 ut
496 2033 671 2076 modum
697 2033 900 2076 frumenti
936 2039 1007 2076 aut
1037 2034 1194 2088 pecoris
1226 2039 1297 2076 aut
1330 2037 1449 2078 vestis
1479 2037 1653 2081 domino

141 2136 144 2139 ⁴
229 2105 393 2159 pendat.
437 2104 557 2159 Quod
603 2118 658 2148 ne
687 2107 754 2148 cui
784 2106 1070 2148 Romanorum
1106 2107 1264 2148 mirum
1294 2106 1516 2163 videretur,
1550 2122 1649 2152 cum

221 2176 338 2229 apud
366 2178 475 2232 ipsos
506 2181 669 2232 praeter
693 2177 764 2219 illa
792 2176 929 2219 officia
965 2179 1092 2219 etiam
1122 2178 1200 2218 alia
1220 2177 1391 2220 domino
1408 2182 1650 2234 praestanda

185 2280 202 2299 ,
228 2254 378 2302 essent,
428 2249 514 2290 iam
538 2249 743 2301 rationem
777 2247 905 2303 addit,
941 2261 1016 2291 cur
1044 2248 1146 2291 haec
1173 2249 1252 2290 alia
1287 2251 1391 2291 servi
1420 2264 1505 2294 non
1531 2266 1650 2308 prae—

229 2322 349 2359 stent.
390 2314 501 2362 Haec
534 2320 650 2362 enim
676 2324 810 2362 cetera
836 2318 973 2361 officia
1010 2320 1159 2362 domus
1190 2334 1293 2363 uxor
1324 2335 1371 2363 ac
1402 2323 1521 2365 liberi
1537 2337 1649 2367 exse-

229 2393 425 2443 quuntur.

289 2458 387 2515 Cap.
424 2459 560 2504 XXVI.
583 2475 627 2517 p.
642 2461 789 2517 566,1.
814 2463 857 2517 53
872 2462 920 2506 P.
934 2462 1058 2505 habet
1081 2463 1259 2506 lahorar’
1281 2478 1479 2520 superscr.
1500 2466 1647 2510 labor':

229 2533 271 2573 in
303 2545 385 2587 quo
413 2530 585 2575 fortasse
610 2533 710 2577 latet
733 2533 983 2577 laboraNDO
1009 2535 1090 2576 sive
1129 2535 1418 2582 laboraNTES.

288 2603 352 2645 ΙΙ).
389 2603 416 2645 l.
446 2603 499 2656 ις
536 2602 662 2646 habet
690 2605 720 2646 P
752 2610 799 2647 ut
829 2617 1028 2660 superscr.
1062 2606 1112 2648 ab
1144 2606 1196 2649 al.
1214 2620 1271 2650 m.
1305 2613 1357 2650 et.
1392 2608 1461 2651 Or.
1482 2609 1550 2652 hic
1566 2610 1649 2652 illic
