1905 3135
913 203 968 246 59

228 345 235 349 ⁴⁷
256 342 259 353 *
281 325 330 372 ¹Si
368 326 440 380 qui
469 329 609 369 tamen
640 330 785 380 erunt,
808 356 811 359 1
831 324 904 378 qui
940 323 1156 366 «cohortes
1184 325 1338 366 civium
1369 325 1653 367 Romanorum

226 397 297 440 illa
325 409 490 443 summa
519 397 690 441 donatos
719 395 942 451 separatim
966 406 1201 439 memorare
1223 394 1331 437 nihil
1341 396 1516 439 attinere
1531 400 1656 452 atque

224 467 400 511 urbanas
426 468 614 512 cohortes
646 481 671 510 a
687 466 885 511 Suetonio
914 479 963 509 ac
988 466 1122 509 Dione
1151 471 1402 509 memoratas
1430 480 1455 509 a
1484 467 1654 522 Tacito,

223 538 527 582 accuratissimo
571 539 791 593 scriptore,
837 539 1144 593 praetermissas
1173 551 1261 581 esse
1293 540 1378 579 veri
1402 539 1538 580 simile
1567 551 1654 582 non

221 607 380 651 videri»
433 614 581 664 putent
620 619 751 663 eaque
788 619 933 651 caussa
980 609 1181 650 commoti
1225 609 1368 651 locum
1411 614 1655 664 corruptum

221 679 420 735 habeant3
456 679 569 736 agite
598 681 684 721 iam
713 684 756 721 et
781 680 975 734 accipiteg
998 676 1077 734 quiv
1090 679 1216 721 locus
1246 691 1301 722 ex
1332 684 1465 722 vestra
1490 685 1655 723 senten—

185 740 190 743 *
221 750 279 792 tia
312 754 531 805 corruptus
559 751 605 792 in
641 746 856 805 integrum
889 750 1052 792 restitui
1075 751 1215 805 possit.

282 819 505 865 Suetonius
544 833 592 865 ac
629 821 737 864 Dion
764 817 1022 876 memorant,
1051 819 1291 877 Augustum
1315 820 1554 865 cohortibus
1584 834 1653 865 ur-

220 892 338 934 banis
364 886 611 948 'quingenos
654 896 852 935 nummos
885 885 1114 947 legavisse}
1142 894 1308 935 Tacitus
1337 898 1398 936 est
1417 894 1653 951 ⁵accuratis·

221 963 351 1006 simus
396 964 591 1020 scriptor,
634 964 734 1007 hinc
767 964 956 1007 cohortes
989 964 1167 1006 urbanas
1196 964 1248 1006 ab
1267 977 1321 1006 eo
1346 966 1654 1019 praetermissas

221 1045 309 1077 esse
354 1037 458 1089 veri⁴
484 1037 621 1079 simile
656 1048 742 1079 non
772 1035 935 1078 videtur
968 1041 1010 1078 et
1037 1035 1286 1091 legionarias
1319 1037 1474 1079 civium
1496 1032 1651 1080 Roma-

220 1116 372 1147 norum
422 1107 611 1150 cohortes
656 1119 891 1155 memorare
921 1106 1028 1148 nihil
1059 1106 1259 1148 attinebat
1291 1106 1379 1162 (abs
1407 1118 1491 1161 quo
1520 1106 1564 1149 id
1582 1119 1651 1150 re-

220 1177 391 1220 scivistis
400 1177 454 1233 ?)3
483 1169 585 1233 ergo
615 1178 730 1220 locus
759 1182 979 1232 corruptus
1023 1180 1107 1220 est!
1135 1200 1195 1207 -
1230 1177 1368 1232 Euge!
1407 1176 1534 1221 Sedes
1562 1179 1651 1220 vitii

218 1248 382 1290 videtur
407 1258 495 1291 esse
519 1250 565 1290 in
596 1248 794 1290 vocabulo
813 1275 815 1279 -
832 1253 931 1301 αυτ,-
967 1260 1017 1289 ex
1047 1260 1096 1290 ea
1128 1249 1323 1290 vocabula
1352 1249 1557 1291 scribendi
1585 1262 1651 1292 ra-

218 1319 358 1373 tione,
402 1326 485 1372 qua
528 1315 558 1359 ii
571 1349 584 1372 ‚
627 1319 699 1372 qui
744 1316 864 1360 codd.
910 1317 1240 1373 descripserunt,
1289 1318 1528 1373 utebantur,
1557 1329 1650 1362 cor-

218 1394 391 1444 ruptum
432 1402 519 1431 esse
569 1388 730 1431 videtur
769 1401 820 1430 ex
844 1387 1040 1442 CCCET,
1078 1387 1242 1443 (formis
1274 1388 1555 1431 dificientibus
1584 1390 1651 1432 lit-

214 1464 325 1501 teras
355 1458 580 1515 scripturae
611 1459 701 1502 cod.
732 1457 961 1511 assimilare
995 1464 1038 1500 et
1072 1460 1306 1514 exprimere
1332 1459 1377 1502 h.
1410 1460 1439 1503 l.
1470 1462 1649 1517 nequeo)

216 1542 292 1586 pro
315 1532 473 1575 civitem
486 1532 777 1573 *Romanorum
793 1531 851 1572 -in
883 1524 1045 1584 codice,
1075 1542 1126 1572 ex
1141 1522 1282 1585 ‹1qu
1302 1530 1320 1572 1
1341 1530 1546 1586 desriptus
1564 1536 1649 1588 est,

217 1612 268 1644 ex
308 1614 426 1645 more
449 1602 580 1644 literis
610 1596 861 1657 quibusdam
890 1602 935 1643 in
965 1602 1071 1643 'alias
1105 1603 1285 1643 mutatis
1311 1607 1353 1644 et
1377 1595 1540 1645 omissis
1568 1603 1648 1647 for·

215 1677 322 1715 tasse
364 1674 564 1727 scriptum
614 1677 702 1714 erat
736 1672 911 1714 milium
939 1681 1194 1714 orimnorum
1223 1677 1265 1713 et
1288 1673 1346 1714 ita
1374 1671 1572 1729 quidem,
1592 1679 1651 1716 ‘ut

216 1742 416 1798 distingui
462 1743 654 1797 nequiret
669 1773 683 1796 ‚
728 1747 919 1784 essentne
950 1741 1104 1784 »literae
1148 1753 1198 1784 νυ
1236 1754 1290 1783 an
1326 1742 1412 1784 sola
1435 1743 1555 1786 litera
1579 1756 1650 1799 m,-

214 1813 410 1855 librarius
446 1815 543 1867 quia
581 1814 721 1855 literas
757 1812 1014 1866 distinguere
1053 1825 1139 1854 non
1168 1814 1303 1866 potuit
1332 1819 1373 1854 et
1402 1827 1427 1855 r
1452 1815 1651 1857 excidisse

214 1884 389 1945 credidit
409 1885 698 1928 Romanorum
732 1877 932 1937 correxit'3
964 1884 1008 1924 in
1039 1882 1158 1925 codd.
1190 1894 1313 1938 porro
1344 1883 1416 1926 hic
1450 1880 1647 1929 iuio'lite-
1727 1930 1731 1933 ,

200 1968 284 2006 ‘rae
313 1968 359 2010 u,
374 1968 411 2010 c,
426 1968 462 2009 c,
476 1964 536 2009 m,
553 1955 584 2010 l,-
599 1969 640 2009 v,
655 1955 682 1995 I>
702 1954 952 1996 commutari
963 1953 1040 2007 ita,
1060 1957 1108 1994 ut
1128 1953 1194 1993 vix
1224 1959 1295 1995 aut
1321 1966 1376 1996 ne
1390 1955 1457 1995 vix
1476 1955 1648 2009 quidem

212 2026 413 2082 distingui
443 2027 613 2082 possint,
628 2030 671 2068 et
684 2026 828 2068 literae
844 2030 882 2079 t,
899 2025 931 2079 l,
955 2025 975 2067 i
996 2029 1074 2067 etc.
1093 2025 1254 2080 saepius
1268 2026 1405 2068 omitti
1421 2031 1571 2070 notum
1585 2033 1649 2070 est

213 2098 311 2141 hinc
339 2111 391 2140 ex
416 2098 554 2140 vocab.
580 2097 753 2139 milium
773 2097 801 2137 i.
833 2109 869 2138 e.
897 2096 1083 2138 militum
1098 2096 1395 2139 vivimuortu'm
1406 2103 1469 2139 cst
1497 2097 1646 2153 [Add0‚

212 2169 324 2222 quod
354 2170 402 2211 T.
435 2169 496 2222 ΙΙ,
529 2181 567 2222 p.
599 2160 672 2221 56,
703 2168 730 2209 l.
760 2168 787 2208 4
824 2180 898 2221 pro
929 2165 1145 2221 militum,
1170 2167 1281 2221 quod
1312 2167 1354 2209 Μ
1381 2168 1647 2223 habet‚-Pu-

212 2239 308 2280 teol.
341 2246 418 2282 etc.
452 2239 749 2300 rescripserunt
779 2238 948 2281 civium.
968 2238 996 2292 ς]
1017 2239 1183 2280 numeri
1214 2240 1375 2294 saepius
1388 2240 1644 2283 exciderunt.

212 2311 274 2351 En
305 2311 471 2354 Tacitus
497 2308 596 2354 cuin
627 2309 825 2354 Suetonio
855 2311 1079 2353 consentit!
1128 2309 1182 2352 At
1210 2311 1312 2366 quid
1342 2311 1395 2355 de
1419 2313 1554 2357 Dione
1579 2313 1643 2356 fa-

211 2381 406 2425 ciendum
432 2389 518 2438 est,
550 2384 620 2438 qui
650 2382 790 2425 XXXV
820 2383 1056 2424 sestertium
1089 2383 1279 2425 tribubus
1300 2383 1435 2439 legata
1476 2387 1642 2428 omisit?

211 2455 363 2496 latetne
408 2453 580 2497 fortasse
614 2456 659 2496 in
691 2455 781 2497 eius
810 2464 976 2508 quoque
1000 2454 1136 2496 verbis
1166 2456 1427 2511 corruptela?
1463 2456 1548 2500 Aut
1582 2465 1645 2501 ωε,

210 2526 290 2568 Dio
319 2538 403 2568 non
447 2530 534 2566 tam
563 2531 777 2569 accuratus
813 2526 1011 2580 scriptor,
1042 2538 1090 2567 ac
1116 2526 1307 2581 Tacitus,
1344 2533 1391 2569 ut
1419 2528 1512 2571 ideo
1538 2530 1643 2573 illud

210 2599 400 2641 omittere
431 2598 637 2652 potuerit?

272 2669 380 2712 Ibid.
428 2682 514 2723 cap.
549 2666 697 2723 XXVI,
739 2682 778 2723 p.
816 2668 898 2719 26,
932 2668 960 2710 l.
990 2666 1069 2710 20:
1123 2668 1388 2718 «Nunonfflus
1415 2684 1485 2715 ms!
1521 2686 1570 2715 An
1600 2687 1644 2716 sr,
