1905 3135
938 169 995 210 55

175 336 179 339 ,
224 297 415 348 'quoqne
456 296 717 335 excrementa
762 291 842 333 alvi
887 289 942 333 cf.
988 288 1131 333 Senec.
1174 288 1313 332 Const.
1355 287 1447 344 Sap.
1482 303 1569 345 cap.
1607 291 1674 334 15.

248 360 521 405 Acerbissime
549 362 736 418 loquitur
765 359 888 415 Aper.
939 402 941 404 .

305 431 416 475 Ibid.
468 446 508 487 p.
561 432 673 485 492,
704 432 732 474 I.
765 431 835 473 14.
883 464 955 473 .....
990 442 1197 473 sammua.
1229 430 1312 473 Nisi
1342 443 1462 472 roure
1494 444 1678 480 oulsouau

243 515 317 545 Aur
346 515 519 546 cansuus
548 515 620 545 ruo
651 502 835 544 Dama...
870 514 1003 556 men,
1034 499 1065 552 ·1·
1096 513 1169 543 ms1
1199 514 1261 550 om
1292 514 1339 542 m·
1370 513 1538 544 camum
1568 507 1645 544 etc⁴

303 573 476 618 Omissis
524 573 703 617 aliorum
745 573 932 615 violentis
961 573 1234 628 coniecturis,
1267 573 1352 615 iam
1383 574 1521 628 accipe
1534 605 1546 628 ‚
1578 573 1679 629 quid

242 644 347 687 mihi
377 645 431 688 de
464 645 509 687 h.
541 645 571 687 I.
603 642 803 686 videatur.
840 644 1060 686 Rescribe:
1091 643 1302 699 fatentur,
1332 643 1422 685 nisi
1434 643 1550 698 forte
1563 645 1675 699 quis,

240 716 315 772 qul
358 720 494 758 aut...
529 714 658 770 loqu,
692 712 772 756 nisi
804 713 912 772 quis
941 719 984 756 et
1012 715 1199 758 carmina
1225 718 1302 756 etc.
1346 714 1456 755 Inest
1492 715 1538 755 in
1568 715 1611 756 h.
1645 715 1675 759 l.

242 786 451 841 anaphora
473 787 631 829 ironiae
661 786 784 840 plena
813 786 904 829 nisi
931 785 1046 840 forte
1078 791 1155 828 etc.
1184 786 1274 829 nisi
1288 786 1410 841 wis,-
1425 792 1467 828 et
1481 802 1521 820 =
1535 787 1678 840 etiam,

242 862 291 900 ut
310 855 471 913 saepius
491 856 545 899 cf.
575 855 697 898 Hand
722 857 767 898 in
782 870 839 912 v.3
859 856 1085 913 quisquam
1110 856 1220 898 male
1237 857 1433 899 vocabula
1455 858 1678 899 coniuncta

240 933 343 989 sunt
387 933 430 969 et
473 928 549 982 qui
583 928 628 969 in
668 940 797 983 quam
830 933 1039 970 mutatum
1054 960 1067 982 ‚
1098 934 1147 970 ut
1176 928 1245 970 hic
1276 914 1392 981 illic3¹
1414 929 1490 983 qui
1515 934 1558 970 et
1581 930 1678 983 quis

244 996 564 1041 confunduntur
593 998 843 1054 saepissime.

306 1070 402 1125 Gap.
446 1070 576 1124 xxn,
620 1083 660 1124 p.
693 1069 809 1124 494,
854 1070 883 1111 l.
918 1071 959 1111 2.
1004 1069 1156 1111 «Locos
1185 1082 1376 1117 Quocum.»
1414 1068 1468 1110 At
1494 1069 1525 1110 P
1554 1069 1680 1111 habet

247 1143 445 1199 locosque.
473 1142 623 1186 Recte!
658 1139 818 1198 «Saepe
836 1154 916 1198 que
930 1139 1204 1185 enumerandi
1224 1131 1310 1183 vim
1330 1139 1479 1197 habet,
1494 1141 1678 1184 maxime

244 1215 290 1256 in
320 1214 625 1256 enumerandis·
646 1214 835 1268 pluribus
864 1214 1015 1255 rebus»
1050 1213 1213 1255 Kuehn.
1245 1213 1298 1254 ad
1313 1213 1399 1255 Cic.
1430 1214 1599 1255 Tuscul.
1633 1216 1677 1267 5,

245 1287 290 1341 5,
317 1286 344 1327 5
370 1300 410 1341 p.
448 1285 534 1327 244
561 1283 627 1328 ed.
658 1284 727 1328 111.
1110 1334 1126 1339 ι
1626 1298 1629 1302 ·

304 1357 368 1400 lh.
397 1357 426 1399 1.
462 1357 502 1399 5.
541 1356 707 1411 Optime
731 1356 763 1397 P
800 1356 925 1397 habet
959 1361 1045 1409 θείς
1072 1356 1183 1397 male
1212 1355 1389 1396 editores
1415 1361 1537 1397 esset:
1553 1357 1612 1397 sic
1626 1369 1675 1398 ex

244 1428 288 1472 M
319 1428 440 1471 Tom.
473 1429 510 1483 Ι,
539 1442 579 1483 p.
613 1428 695 1483 92,
725 1428 753 1470 l.
791 1427 846 1470 16
873 1433 936 1470 est
963 1426 1282 1470 restituendum.

300 1499 411 1543 Ibid.
456 1500 486 1541 l.
518 1512 559 1554 p.
594 1498 709 1552 495,
739 1498 767 1540 l.
800 1499 842 1540 5.
886 1516 966 1540 ιη...
1006 1510 1161 1539 vannum
1192 1509 1311 1539 vamur
1341 1509 1521 1539 eumcum
1553 1502 1665 1539 etc.»
1748 1506 1751 1509 ·

240 1570 296 1613 At
323 1569 424 1626 quid
460 1571 642 1626 optimus
676 1569 735 1612 P?
779 1570 859 1625 «qd
889 1568 934 1624 (d
961 1581 1062 1611 cum
1090 1569 1165 1611 lin.
1202 1567 1445 1623 transversa)
1469 1581 1670 1623 superscr.

241 1641 307 1683 vel
350 1640 382 1682 P
434 1639 534 1683 «Or.
595 1640 702 1682 Hinc
750 1640 949 1682 rescribo:
956 1671 1032 1682 .....
1080 1639 1253 1681 verbum
1293 1637 1468 1694 Aliquo
1510 1639 1674 1694 rubigi-

240 1724 296 1754 ne
344 1716 422 1754 etc.
469 1711 533 1753 ali
568 1723 689 1766 saepe
730 1711 961 1765 omittitur,
1004 1723 1122 1765 saepe
1167 1710 1272 1765 quid
1305 1715 1347 1752 et
1378 1722 1460 1764 quo
1492 1709 1673 1753 confun-

214 1821 219 1829 .
240 1782 410 1826 duntur.

303 1853 399 1910 Gap.
427 1852 565 1897 XXIII.
595 1867 636 1909 p.
670 1853 783 1904 495,
815 1853 844 1895 l.
879 1854 949 1895 11.
989 1871 1068 1895 «....
1096 1865 1233 1895 ocutos
1264 1866 1327 1901 om
1356 1857 1464 1895 etc.»
1490 1852 1544 1896 At
1572 1854 1673 1909 quid

240 1926 422 1980 optimus
446 1925 506 1967 P?
542 1924 707 1967 «oculos
735 1924 812 1970 isti
824 1956 837 1978 ,
863 1925 980 1978 qui.»
999 1924 1126 1966 Recte
1150 1924 1305 1978 recepit
1341 1924 1477 1967 Tross.

299 1996 363 2039 111.
396 2009 437 2051 p.
469 1994 573 2049 496,
603 1995 632 2037 l.
660 1995 839 2037 rescribe
875 2008 925 2037 ex
958 1994 1002 2037 P.
1040 1995 1169 2037 istam
1199 1995 1351 2050 ipsam.

297 2068 361 2110 ΙΙ).
408 2068 436 2110 I.
483 2067 525 2110 4.
587 2064 835 2110 «Sama-Aram
875 2079 951 2110 NON
995 2077 1232 2120 smmum-135
1266 2080 1336 2109 sno
1376 2071 1475 2109 etc.»
1527 2066 1581 2109 At
1611 2067 1671 2110 P?

249 2156 313 2180 a...
342 2152 377 2181 s.
411 2151 497 2182 non
526 2136 836 2194 infirmitates,
870 2137 941 2180 sed
976 2138 1126 2181 Ieiun.»
1171 2137 1499 2181 Rescribendum
1541 2139 1672 2194 igitur

238 2221 338 2250 cum
371 2211 529 2265 optimo
559 2208 603 2251 P.
647 2223 711 2251 «s.
735 2222 821 2251 mm
846 2209 1100 2264 infirmitate
1132 2208 1339 2263 QUIDEM
1354 2241 1369 2264 ‚
1400 2224 1432 2253 s.
1469 2212 1497 2253 i.
1531 2216 1609 2253 etc.

297 2279 408 2324 md.
441 2282 470 2325 1.
500 2282 526 2324 5
553 2280 735 2325 Praestat
767 2279 879 2336 quod
904 2281 1030 2324 habet
1055 2273 1099 2323 P'
1116 2285 1357 2325 nostrorum
1373 2294 1424 2325 ex
1439 2281 1670 2325 archaismo

239 2350 332 2394 data
362 2363 487 2407 opara
517 2366 542 2395 a
573 2353 761 2395 Materno
793 2352 989 2395 adhibita.

298 2422 395 2479 Gap.
427 2422 566 2479 xxw,
611 2438 652 2480 p.
686 2424 791 2479 497,
825 2425 854 2467 l.
882 2423 924 2466 9.
972 2443 1035 2467 α...
1065 2436 1140 2467 cun
1170 2437 1211 2468 m
1240 2438 1392 2468 *rm-run
1421 2429 1500 2467 etc.
1537 2423 1591 2466 At
1622 2424 1665 2466 P.

235 2508 311 2538 cur
348 2499 514 2537 tantum
548 2500 649 2538 etc.»
692 2495 744 2538 At
771 2496 942 2538 fortasse
987 2509 1046 2551 «p.
1076 2495 1180 2551 508,
1210 2496 1240 2538 l.
1269 2496 1333 2546 7,›·
1359 2497 1548 2551 inquieS,
1579 2509 1669 2551 «op-

235 2566 365 2610 timus
393 2565 425 2608 P
444 2564 569 2608 habet
594 2566 642 2608 in
673 2571 839 2610 tantum
852 2599 865 2622 ,
880 2579 981 2623 ergo
996 2571 1096 2610 etc.»
1127 2565 1182 2610 At
1211 2579 1353 2610 nonne
1376 2571 1418 2609 et
1437 2567 1507 2609 hic
1532 2579 1670 2623 «prae—

234 2642 315 2679 stat
344 2638 512 2680 variatio
523 2640 571 2679 n?
608 2636 656 2677 Et
683 2650 763 2692 ego
798 2652 912 2681 nune
944 2638 1035 2681 dico
1072 2652 1149 2682 «so
1178 2640 1317 2693 weit».
1358 2652 1471 2681 nunc
1505 2640 1587 2681 «in
1623 2652 1668 2681 so
