1905 3135
598 587 851 659 CAPUT
900 585 1345 657 SECUNDUM.

340 853 494 910 Aqitur
524 855 739 911 imprimis
768 856 819 898 de
848 853 1011 921 aliquot
1042 853 1312 903 lectionibus,
1344 865 1449 909 quas
1476 853 1605 897 codem

381 926 692 969 Perizonianus
710 927 760 968 in
783 925 920 969 Taciti
942 925 1051 968 libro
1076 924 1334 967 «Gmmu»
1361 924 1565 978 inscripto

625 997 770 1051 habet,
800 997 873 1039 sed
906 994 977 1039 Or.
1016 1008 1102 1038 non
1130 995 1332 1038 reddidit.

841 1148 1103 1171 ...Q-⁶..—

320 1270 449 1312 Doleo
499 1276 541 1312 et
572 1271 716 1313 acerbe
753 1270 871 1321 ¹fero,
914 1269 1027 1324 quod
1072 1269 1143 1312 Or.
1196 1269 1352 1324 aliquot
1388 1268 1565 1324 optimas
1594 1268 1684 1312 cod.

260 1338 390 1383 Periz.
443 1339 690 1383 Germaniae
731 1355 755 1382 a
786 1341 929 1383 Tacito
959 1341 1213 1395 conscriptae
1242 1341 1438 1383 lectiones
1470 1341 1515 1382 in
1545 1353 1684 1383 exem-

260 1411 379 1467 plum
427 1424 513 1459 non
543 1412 710 1466 recepit.
745 1410 964 1466 Scriptoris
995 1412 1118 1454 verba
1149 1412 1312 1466 integra
1343 1413 1499 1466 ubique
1528 1425 1686 1468 appon—

258 1495 329 1524 ere
359 1495 445 1525 non
476 1491 579 1537 opus
610 1496 698 1525 esse
727 1483 833 1525 mihi
863 1482 1038 1526 videtur.

318 1552 410 1595 Cu.
458 1554 490 1596 1.
540 1567 582 1608 p.
631 1554 735 1608 551,
782 1554 810 1595 l.
864 1553 890 1595 6
945 1558 987 1595 et
1031 1566 1110 1598 ω.
1153 1554 1203 1596 11.
1251 1567 1292 1608 p.
1327 1555 1490 1609 555,1.
1524 1546 1553 1596 ‘4
1585 1560 1627 1596 et
1660 1556 1686 1595 5

255 1624 399 1679 plur-Is
428 1624 713 1680 recipiendum
745 1630 805 1668 est
826 1629 868 1667 et
885 1624 991 1667 illud
1011 1625 1248 1681 plurEsque
1260 1657 1274 1680 ,
1293 1625 1406 1680 quod
1425 1624 1517 1668 cod.
1537 1625 1688 1681 habet,

259 1695 303 1737 iu
329 1696 553 1751 plurlsque
583 1696 848 1739 mutandum.

320 1766 417 1822 Gap.
448 1767 498 1810 11.
532 1781 571 1822 p.
606 1767 760 1823 554,1.
783 1768 826 1822 5,
856 1767 965 1809 bona
994 1770 1054 1809 est
1080 1767 1203 1810 lectio
1222 1766 1313 1810 cod.
1331 1767 1403 1810 UT
1419 1780 1543 1818 nunc,
1560 1781 1688 1823 quam

259 1837 305 1879 in
348 1851 396 1881 ac
438 1851 550 1881 nuno
585 1838 655 1880 Or.
699 1844 862 1880 mutare
893 1851 979 1880 non
1010 1837 1197 1880 debebat.
1233 1837 1276 1881 Si
1307 1837 1409 1893 quid
1436 1838 1689 1881 mutandum

257 1914 344 1964 est,
374 1909 527 1952 rectius
562 1909 631 1952 ET
661 1923 772 1953 nuno
803 1908 1116 1952 rescribendum
1148 1913 1221 1952 est.
1253 1909 1468 1952 Mutantur
1492 1914 1543 1952 ut
1565 1914 1690 1965 atque

257 1984 299 2021 et
322 1989 373 2023 Ὃ.
403 1994 440 2022 c.
469 1980 590 2023 Tom.
628 1980 671 2034 Ι,
710 1994 750 2035 p.
780 1980 895 2034 515,
931 1971 959 2022 l.
996 1981 1016 2021 1
1054 1985 1103 2022 ut
1136 1979 1226 2022 cod.
1259 1979 1314 2022 M.
1353 1985 1466 2022 recte
1495 1980 1685 2024 Rhenan.

163 2063 166 2066 ·
257 2052 301 2093 in
338 2057 381 2094 et
413 2053 607 2106 mutavit3
644 2052 765 2095 Tom.
795 2053 833 2093 ΙΙ
862 2065 902 2107 p.
937 2051 1020 2106 76,
1071 2052 1099 2094 l.
1137 2052 1191 2093 15
1219 2065 1246 2093 α
1278 2051 1404 2094 habet
1432 2056 1482 2094 ut
1510 2065 1586 2107 pro
1622 2059 1688 2107 εἰ,

257 2134 297 2175 p.
331 2122 450 2178 518,
484 2123 514 2166 l.
551 2122 607 2165 10
644 2123 686 2165 Μ
717 2123 912 2165 habetet
939 2135 1014 2177 pro
1043 2127 1120 2176 αις
1150 2122 1206 2167 ib.
1233 2117 1417 2177 p.'474‚
1454 2122 1484 2165 l.
1521 2123 1550 2164 Β
1581 2123 1613 2164 Ρ
1648 2129 1690 2165 et

258 2192 385 2238 habet
416 2200 499 2251 pro¹
525 2198 574 2238 ut
608 2196 659 2237 ab
696 2194 880 2237 Acidalio
905 2194 1126 2237 emendato
1157 2194 1212 2237 cf.
1249 2193 1418 2237 Ruhnk.
1451 2193 1504 2237 ad
1524 2194 1629 2237 Vell.
1646 2209 1687 2250 p.

262 2263 347 2306 115
370 2270 421 2308 ἐι
447 2265 589 2310 Arntz.
622 2266 675 2309 ad
704 2267 857 2322 Paneg.
890 2279 930 2322 p.
967 2265 1037 2309 19.
1152 2276 1154 2278 ·

318 2335 478 2391 Verba,
511 2351 618 2393 quae
656 2343 900 2392 sequuntur,
932 2350 960 2379 a
988 2337 1143 2381 victore
1172 2337 1255 2378 «ob
1276 2349 1451 2391 sequens
1477 2350 1505 2378 a
1522 2337 1690 2392 seipsis

259 2407 378 2450 aliter
407 2409 610 2463 explicare
640 2423 725 2453 non
745 2413 942 2466 possunt,
972 2409 1051 2451 nisi
1071 2407 1143 2451 ὑπὸ
1157 2411 1221 2451 τοῦ
1251 2411 1475 2463 warja-amc,
1501 2422 1581 2452 von
1594 2410 1691 2451 dem

262 2478 423 2534 Sieqem
460 2493 542 2535 par
581 2482 641 2524 les
686 2483 969 2537 vainqueurs»
1021 2481 1091 2523 Or.
1125 2480 1208 2525 Sed
1237 2483 1329 2536 quis
1359 2487 1420 2524 est
1448 2482 1608 2524 victor?
1636 2495 1690 2523 an

262 2551 469 2594 Romani?
593 2605 595 2607 ι
1416 2605 1421 2609 ,

322 2621 423 2677 Cap.
453 2621 519 2664 lv.
552 2622 634 2663 lpse
665 2636 795 2666 nonum
825 2636 1054 2667 opmlomssus
1084 2636 1251 2675 Aconum
1285 2638 1347 2673 om
1378 2624 1607 2669 Gnnmmffl
1633 2639 1690 2668 Po—
