1905 3135
919 185 978 228 90

230 306 437 360 rescripsit
470 304 792 357 incendebatur,
823 317 1079 359 quamquam
1107 303 1356 347 incendebat
1383 306 1553 349 retineri
1587 319 1663 361 po-

229 382 332 432 test,
366 377 399 418 si
420 374 569 419 leniori
589 376 821 418 mutatione
851 388 927 431 pro
946 375 1133 419 Sabinus
1146 375 1402 431 rescripseris
1421 375 1660 433 Sabinum,

228 459 327 489 cum
359 448 404 488 in
432 447 796 488 terminationibus
828 459 900 500 us,
931 459 1006 488 um
1036 453 1076 489 et
1110 459 1209 489 cum
1230 451 1270 489 et
1302 447 1391 488 sine
1406 446 1481 489 lin.
1500 450 1663 504 saepius

228 518 443 561 turbatum
474 523 549 560 est.
579 530 580 533 ¹
642 555 644 557 .

295 590 405 630 Ibid.
464 589 561 644 Gap.
611 588 689 630 LX.
741 601 781 642 p.
830 587 944 641 268,
993 588 1022 629 l.
1067 588 1122 629 7:
1164 602 1250 630 frum
1300 601 1435 630 merus
1481 601 1660 631 ramum

228 673 450 703 css‘rnonum
504 673 577 702 mr
627 672 812 702 cnsronns
857 664 936 701 etc.
1000 658 1055 701 M.
1110 657 1236 703 habet
1286 660 1401 716 pacti
1413 674 1429 713 ,-
1480 660 1664 702 rescribo

223 731 386 787 pactis.

287 804 398 846 Ibid.
434 803 531 858 Cap.
564 801 739 856 LXXlll,
770 814 810 856 p.
840 801 954 856 278,
981 802 1009 844 l.
1044 802 1129 844 25:
1161 801 1261 846 «Sto
1290 815 1456 850 onomast
1477 808 1555 846 etc.
1568 822 1586 839 »
1617 803 1661 845 M

225 874 349 916 habet
379 887 405 929 q
440 885 539 915 cum
575 873 647 915 lin.
688 896 737 903 --
773 872 894 914 Tom.
928 872 974 927 l,
1010 886 1037 928 p
1077 872 1162 928 49,
1198 873 1227 916 l.
1264 873 1551 928 11qaoniam
1572 874 1658 917 Jac.

225 945 477 988 Gronovius:
513 957 596 999 quo
625 957 725 986 cum
754 943 845 993 lin.,
864 943 976 997 quod
1006 944 1175 986 solitum
1191 950 1252 986 est
1281 959 1316 987 v.
1334 945 1662 998 quoniamoom-

223 1015 426 1071 pendium
466 1015 524 1071 M,
565 1015 732 1071 quando
786 1026 885 1057 cum
942 1015 1089 1057 ceteris
1144 1013 1246 1057 Edd.
1283 1014 1337 1070 B,
1366 1016 1477 1069 quod
1508 1016 1664 1059 mavolt

224 1087 520 1130 Doederlein.»
575 1087 646 1129 Or.
672 1100 712 1141 p.
754 1087 837 1140 52,
864 1086 892 1128 l.
926 1087 953 1127 4
998 1087 1226 1141 «quoniam
1262 1087 1459 1142 (quocum
1493 1087 1567 1129 lin.
1611 1100 1664 1129 ex

225 1158 346 1200 solito
376 1157 652 1212 compendio,
667 1156 1021 1210 ·frequentissimo
1047 1158 1092 1198 in
1125 1156 1226 1200 Cod.
1244 1157 1430 1200 Mediceo
1452 1157 1667 1200 Ciceronis

225 1228 495 1282 epistolarum
521 1227 574 1269 ad
605 1226 863 1282 Familiares)
890 1227 1130 1282 M3qwando
1160 1227 1208 1270 B.
1246 1227 1339 1272 «Or.
1375 1241 1415 1283 p.
1449 1228 1536 1284 92,
1556 1229 1585 1279 l,
1606 1229 1663 1271 16

226 1300 430 1354 quoniam
466 1299 563 1355 (quo
595 1312 694 1342 cum
718 1298 888 1353 lineola)
925 1299 984 1353 Mt,
1014 1301 1182 1353 quando
1216 1300 1263 1343 B.
1301 1299 1394 1343 vid.
1422 1300 1475 1343 ad
1508 1314 1550 1356 p.
1580 1301 1663 1356 52,

224 1384 263 1414 v.
297 1371 346 1413 4»
383 1370 454 1414 Or.
487 1383 527 1426 p.
570 1369 687 1425 119,
719 1370 748 1413 l.
784 1369 841 1413 16
873 1370 1073 1425 quoniam
1110 1383 1221 1427 «quo
1245 1383 1345 1415 cum
1374 1371 1449 1415 lin.
1466 1372 1522 1415 M.
1539 1372 1670 1416 Recte

225 1443 350 1486 Furia
383 1444 426 1486 h.
459 1443 488 1487 l.
526 1444 696 1499 agnovit
723 1442 951 1497 quoniam,
980 1455 1079 1485 cum
1109 1444 1357 1498 plerumque
1386 1443 1533 1486 cadem
1551 1450 1669 1499 nota,

212 1520 272 1577 'ut
307 1516 352 1557 in
382 1514 595 1558 Ciceronis
624 1514 816 1570 Epistolis
846 1513 899 1557 ad
915 1514 1051 1569 Fam,
1067 1514 1179 1557 male
1193 1515 1395 1571 explicata
1415 1515 1468 1557 sit
1482 1516 1668 1571 quando,

222 1601 352 1643 quam
381 1588 630 1643 particulam
657 1587 854 1630 omnibus
879 1586 1028 1628 litteris
1053 1587 1250 1629 exhibere
1276 1587 1381 1630 solet
1410 1587 1470 1641 Μ,
1490 1592 1537 1630 ut
1566 1599 1665 1629 mox

222 1658 270 1702 C.
310 1659 382 1702 57:
414 1660 456 1702 si
484 1660 652 1715 quando
681 1658 910 1701 adsideret.
935 1658 986 1701 H.
1024 1658 1052 1699 l.
1090 1663 1187 1701 ante
1216 1658 1455 1701 Bekkerum
1488 1658 1666 1701 edebant

221 1743 317 1786 quo.
363 1731 463 1775 «Or.
494 1745 535 1786 p.
567 1729 681 1785 190,
706 1730 736 1772 l.
775 1729 822 1783 7,
860 1742 971 1783 «qua
1007 1730 1065 1785 M,
1096 1731 1274 1773 correxit
1306 1730 1533 1773 Beroaldus
1563 1731 1669 1785 qua'a

233 1802 332 1847 «Or.
369 1816 409 1858 p.
444 1802 532 1845 216
565 1802 593 1844 l.
629 1801 655 1844 6
695 1800 898 1856 quoniam
927 1813 1034 1854 «quo
1066 1814 1165 1844 cum
1190 1801 1282 1856 lin.,
1310 1802 1527 1845 notissimo
1546 1813 1666 1844 com-

220 1873 391 1929 pendio,
411 1873 469 1928 M,
501 1873 669 1928 quando
699 1871 847 1915 ceteris
879 1883 977 1913 cum
1010 1870 1111 1915 Edd.
1140 1872 1187 1915 B.
1232 1871 1331 1915 «Or.
1361 1886 1402 1928 p.
1426 1871 1659 1926 225,1.11

220 1944 424 2000 quoniam
456 1943 553 1999 (quo
584 1956 682 1986 cum
714 1942 807 1997 lin.)
844 1942 908 1984 M:
942 1944 1111 1997 quando
1141 1943 1192 1998 Β,
1208 1957 1335 1998 quam
1367 1949 1474 1999 part.
1503 1955 1669 1998 semper

220 2015 418 2058 omnibus
464 2015 610 2057 litteris
651 2012 824 2068 exhibet'
865 2014 930 2068 M,
964 2020 1010 2056 ut
1058 2014 1168 2057 infra
1196 2014 1241 2058 C.
1277 2016 1350 2070 51,
1378 2016 1467 2070 bis,
1495 2014 1541 2058 C.
1580 2015 1664 2068 52,

220 2086 267 2128 C.
302 2086 374 2128 58.
408 2085 506 2140 cet),
536 2086 647 2140 quod
682 2085 816 2127 Ritter
862 2084 966 2126 «Or.
1002 2110 1052 2116 —
1087 2086 1208 2128 Tom.
1237 2086 1299 2141 ΙΙ,
1336 2100 1376 2142 p.
1405 2087 1516 2140 222,
1551 2085 1579 2126 l.
1612 2086 1662 2127 5:

219 2159 324 2214 quia
366 2171 419 2213 «q
449 2171 548 2201 cum
584 2158 659 2199 lin.
694 2156 737 2199 id
770 2161 831 2199 est
865 2169 972 2212 quae
1003 2157 1067 2200 vel
1091 2170 1179 2213 qua
1212 2157 1281 2214 Μ,
1315 2158 1519 2214 quoniam
1560 2155 1661 2213 Agr.

219 2229 275 2273 Ut
296 2242 372 2272 nos
389 2229 520 2284 ,Edd.
544 2241 727 2271 omnes»
756 2227 826 2271 Or.
853 2251 900 2258 —
926 2241 967 2283 p.
1001 2228 1111 2283 295,
1141 2229 1169 2271 l.
1207 2228 1233 2271 9
1262 2229 1463 2284 quoniam
1493 2241 1545 2283 «q
1564 2241 1662 2271 cum

219 2301 295 2343 lin.
344 2300 413 2355 M,
458 2301 561 2355 quia
590 2300 644 2342 B»
686 2299 755 2342 Or.
792 2313 831 2354 p.
868 2298 972 2354 297,
1004 2299 1034 2354 l,
1069 2300 1118 2342 11
1161 2300 1264 2355 quia
1294 2313 1346 2354 «q
1377 2312 1475 2341 cum
1502 2299 1662 2342 duabus

220 2371 385 2413 lineolis
434 2371 700 2426 superpositis
717 2402 729 2424 ,
768 2383 850 2424 qua
895 2371 939 2411 in
986 2375 1084 2413 nota
1136 2372 1240 2425 qaia
1288 2370 1367 2424 (vel
1414 2371 1613 2424 quoniam
1623 2371 1658 2424 Ρ)

219 2444 350 2486 latere
396 2441 499 2483 vidit
550 2442 761 2496 Baiterus,
807 2446 855 2483 ut
889 2441 1112 2483 voluerunt
1153 2442 1238 2482 iam
1268 2440 1499 2496 Bipontini:
1538 2453 1661 2495 quem

221 2528 320 2559 cum
355 2515 503 2558 ceteris
539 2513 641 2557 Edd.
680 2514 750 2569 B,»
795 2512 865 2556 Or·
905 2537 955 2545 -
991 2527 1029 2569 p·
1070 2513 1184 2567 522,
1208 2512 1236 2553 l·
1272 2512 1325 2555 6:
1363 2511 1485 2557 nunc'
1517 2514 1597 2568 qm’
1614 2511 1661 2565 P,

221 2588 422 2643 qnoniam
458 2587 664 2642 rescripsit
699 2585 768 2629 Or.
812 2611 862 2616 —
902 2584 966 2628 Ad
999 2586 1154 2640 locum,
1176 2584 1227 2628 de
1248 2599 1330 2641 quo
1354 2584 1664 2642 agimus-,haec

222 2659 280 2703 Or
310 2660 508 2715 ascripsit:
547 2659 777 2713 «quoniam
810 2657 949 2700 Corb.:
975 2669 1001 2711 q
1032 2657 1218 2700 eumlin.
1251 2658 1293 2700 M
1312 2657 1433 2712 (quac
1446 2655 1661 2711 explicavit
