1905 3135
612 641 867 711 CAPUT
915 627 1291 710 TERTIUM.

315 858 473 915 Aqitur
501 862 553 904 de
584 861 708 917 locis,
736 863 813 917 qni
842 863 892 904 in
927 861 1065 905 Taciti
1097 861 1207 904 libro
1244 874 1324 902 «ne
1354 872 1587 903 onuonmus

482 947 687 978 numana»
726 935 937 990 inscripto
968 935 1180 990 lequntur,
1209 933 1419 988 corruptis

628 1006 904 1048 emendandis
931 1010 974 1048 et
1002 1004 1284 1061 explicandis.

297 1232 431 1274 Huius
462 1233 558 1275 libri
589 1239 803 1276 auctorem
828 1235 1021 1275 Tacitum
1053 1244 1166 1287 esse,
1198 1233 1304 1273 mihi
1326 1244 1488 1285 semper
1502 1244 1667 1285 persua-

170 1303 180 1321 ‘
237 1300 499 1346 suadebatur.
544 1301 665 1356 Quod
709 1304 752 1347 h.
790 1303 818 1347 l.
861 1303 1121 1359 argumentis
1150 1301 1418 1357 comprobare
1447 1301 1545 1356 quia
1570 1306 1612 1344 et
1645 1316 1669 1344 a

236 1372 410 1416 consilio
439 1379 580 1417 nostro
612 1374 806 1418 abhorret
835 1379 877 1417 et
906 1375 992 1417 iam
1022 1373 1074 1416 ab
1104 1373 1246 1435 aliisg.
1264 1386 1300 1415 c.
1329 1372 1457 1416 Orelli
1476 1371 1546 1426 (cf.
1563 1385 1670 1427 quae

237 1442 359 1486 affert
389 1445 433 1486 in
469 1458 645 1488 excursu
675 1446 740 1488 ad.
771 1446 814 1489 h.
848 1446 912 1502 L),
947 1445 1095 1488 Baehr.
1123 1444 1216 1487 Ges.
1245 1443 1285 1486 d.
1325 1457 1359 1486 r.
1393 1443 1438 1486 L.
1471 1442 1669 1498 np.550

237 1514 301 1556 ed.
346 1515 402 1556 111
447 1521 550 1569 etc.,
595 1516 755 1558 factum
791 1522 878 1571 est,
922 1518 1063 1558 statim
1088 1516 1140 1557 ad
1170 1516 1282 1557 locos
1306 1520 1521 1569 corruptos
1558 1515 1602 1557 h.
1635 1516 1664 1557 l.

235 1584 517 1629 emendandos
547 1587 892 1643 explicandosque
921 1586 1253 1643 progrediamur.

296 1654 515 1711 Scriptoris
544 1658 668 1699 verba
705 1659 869 1713 integra
898 1671 985 1701 non
1014 1658 1217 1700 ascribam
1230 1689 1243 1711 ‚
1275 1662 1322 1699 ut
1358 1662 1400 1698 et
1437 1657 1606 1699 chartae
1626 1662 1667 1699 et

234 1729 412 1782 tempori
457 1741 638 1783 parcam.

297 1797 393 1853 Gap.
422 1800 439 1840 I
464 1812 504 1854 p.
533 1799 646 1854 460,
677 1800 706 1842 l.
740 1801 768 1841 2
803 1800 1084 1854 appellemus,
1112 1799 1155 1842 P.
1189 1813 1228 1830 =
1253 1799 1331 1840 wir
1345 1798 1540 1840 duerften
1558 1798 1671 1841 wohl

235 1882 428 1925 nennen3
462 1883 502 1925 p.
543 1866 647 1926 477,
674 1871 702 1914 l.
745 1871 800 1913 17
842 1871 1066 1914 videantur
1102 1869 1145 1913 P.
1178 1879 1218 1898 =
1244 1869 1442 1912 scheinen
1471 1868 1669 1913 duerften

236 1941 537 1995 praeferimus3
567 1955 608 1996 p.
637 1943 726 1984 485
741 1974 754 1997 ,
781 1943 809 1984 l.
845 1942 900 1984 18
932 1947 1044 1983 recte
1065 1941 1135 1983 Or.
1160 1954 1210 1982 ex
1225 1942 1270 1982 P.
1293 1942 1670 1996 videatur-recepit3

236 2010 349 2053 infra
379 2012 625 2066 interroqes.

294 2082 406 2126 Ibid.
438 2083 467 2125 l.
499 2084 568 2125 11.
600 2084 689 2138 Ego
719 2096 817 2126 cum
852 2084 1013 2126 Mosero
1050 2108 1099 2114 —
1130 2083 1185 2125 cf.
1222 2083 1374 2125 walth.
1404 2082 1469 2124 ad.
1505 2083 1548 2124 h.
1562 2083 1590 2124 l.
1617 2107 1666 2114 -

237 2156 461 2208 transpono
498 2154 620 2196 verba
656 2160 699 2196 et
744 2155 943 2197 rescribo:
1003 2167 1123 2197 «cum
1164 2154 1327 2208 sinwli
1368 2154 1433 2195 vel
1478 2153 1668 2203 easdem,

236 2223 303 2264 vel
342 2225 551 2275 diversas,
597 2226 670 2267 sed
682 2243 700 2261 »
740 2231 818 2268 etc.
867 2226 1091 2281 Librarius}
1112 2226 1252 2267 omisit
1286 2225 1406 2278 signa
1443 2237 1671 2279 apponere,

237 2293 387 2347 quibus
417 2296 521 2339 haec
547 2296 670 2339 verba
700 2296 1005 2352 transponenda
1034 2310 1122 2339 esse
1137 2294 1469 2351 significaretur-3
1484 2297 1671 2351 apposuit

236 2375 276 2417 p.
309 2362 414 2418 490,
444 2366 471 2409 l.
507 2368 548 2408 5.
578 2366 662 2409 Sua
687 2368 861 2421 quisque
882 2366 1081 2409 afferebat
1096 2368 1372 2421 argumenta,
1387 2367 1538 2420 quibus
1553 2379 1671 2407 suam

236 2435 485 2477 sententiam
515 2438 624 2480 tueri
654 2437 862 2493 studebat,
892 2450 929 2480 v.
963 2450 999 2481 c.
1037 2437 1248 2480 Maternus
1267 2442 1309 2479 et
1324 2436 1497 2480 Messala
1517 2436 1671 2492 partim

236 2505 401 2549 easdem
435 2520 598 2550 caussas
628 2509 695 2564 ad,
730 2509 773 2551 id
803 2508 915 2564 quod
944 2509 1237 2564 affirmabant,
1270 2508 1564 2551 stabiliendum
1579 2521 1673 2563 pro-

235 2576 447 2629 ferebant,
478 2579 634 2634 partim
669 2579 847 2623 diversas
877 2593 913 2623 e.
948 2594 989 2636 g.
1024 2580 1094 2636 (cf.
1128 2579 1281 2622 Walth.
1315 2578 1380 2621 ad.
1417 2579 1461 2622 h.
1490 2577 1539 2635 l.)
1567 2578 1674 2622 Mes-

238 2649 324 2691 sala
370 2662 529 2692 caussas
571 2656 791 2706 corruptae
830 2652 1089 2707 eloquentiae
1135 2651 1343 2706 repetebat
1379 2664 1428 2693 ex
1469 2651 1672 2705 corruptis
