1905 3135
947 186 1093 231 60·

259 318 374 348 nuos
413 316 647 346 nummum
687 310 931 349 vssmunos?»
997 307 1262 361 «Numquam
1284 313 1326 349 et
1358 309 1448 353 nisi
1478 317 1527 352 eo
1564 307 1690 352 modo

257 381 589 433 componuntur,
624 388 706 432 quo
734 388 822 419 non
841 382 883 420 et
908 378 997 421 nisi
1021 383 1065 422 et
1091 378 1171 422 hoc
1200 378 1338 435 ipsum
1372 392 1495 436 saepe
1528 379 1690 438 signifi-

257 453 366 490 cant.
409 448 542 490 Latini
584 448 651 489 his
690 448 898 490 vocabulis
933 450 1221 504 exprimebant
1250 449 1320 504 id,
1350 449 1462 504 quod
1490 450 1688 495 Germani

257 520 391 562 verbis
414 520 568 562 inmer-
596 532 679 562 nur
713 524 822 563 etc.»
861 519 922 563 Ita
948 526 1060 564 recte
1090 521 1224 567 Hand.
1262 522 1383 565 Turs,
1411 521 1481 577 IV,
1505 536 1549 578 p.
1579 524 1688 574 550,

256 590 335 632 Nm.
370 590 411 631 6.
459 589 515 631 At
544 590 648 632 mihi
675 590 720 630 in
756 590 836 632 hoc
864 590 956 633 loco
985 592 1135 634 vitium
1165 591 1332 647 aliquod
1356 593 1484 635 latere
1515 593 1688 638 videtur.

257 660 380 714 Vide,
417 674 471 702 an
502 673 553 703 ex
586 672 680 701 mea
713 659 1004 706 emendatione
1034 662 1150 705 locus
1180 663 1331 709 melius
1356 663 1536 718 intelligi
1550 665 1688 718 possit.

255 731 451 774 Rescribo
494 743 622 785 nunq.
666 731 750 773 nis.
797 731 854 772 ad
892 744 937 774 se
974 732 1093 787 filios
1127 732 1342 788 familiar.
1388 733 1692 778 MenTlturos?

255 805 437 846 Mentiri
475 818 515 836 =
550 816 635 845 non
657 808 776 865 'stare
816 817 839 845 a
879 805 1092 858 promissis
1120 803 1177 851 cf.
1209 805 1366 848 Forcel.
1402 806 1448 847 in
1477 819 1538 861 v.;
1568 805 1620 848 de
1653 805 1690 847 vi

253 888 392 931 praep.
420 873 561 942 adocf.
589 872 724 916 Hand.
762 874 883 917 Turs.
918 875 958 930 I,
988 889 1028 931 p.
1058 875 1115 919 82
1136 881 1178 918 et
1213 876 1331 920 Klotz
1361 877 1406 919 in
1436 890 1473 920 v.
1511 890 1552 933 p.
1587 878 1691 933 114,

252 947 312 1001 ll,
344 947 386 988 2.

312 1017 424 1059 Ibid.
458 1030 546 1071 cap.
580 1016 746 1070 XXXII,
776 1030 816 1071 p.
845 1018 920 1071 51,
949 1018 977 1060 l.
1014 1017 1070 1060 10
1116 1037 1196 1065 «.,..
1231 1032 1330 1067 ouon
1360 1032 1483 1067 neone
1503 1032 1688 1075 nisiae-ri,

251 1101 315 1131 tm.
343 1100 546 1130 rsuconuu
576 1100 769 1129 msrmcru
783 1119 796 1142 ,
827 1100 896 1129 sen
927 1100 1090 1130 marren
1120 1101 1387 1133 masculum·
1420 1094 1498 1132 etc.
1511 1107 1531 1126 »
1568 1090 1688 1133 «Ple-

251 1161 371 1213 rique
403 1158 546 1204 Grotio
576 1162 744 1199 auctore
772 1171 868 1212 nec,
910 1171 1059 1213 parum
1085 1160 1229 1214 utique
1260 1160 1312 1202 ad
1340 1157 1520 1215 Κρίσεως
1549 1160 1684 1216 diplo-

252 1230 428 1273 maticae
463 1229 578 1283 leges
623 1228 903 1283 probabiliter.
945 1228 999 1271 At
1028 1229 1146 1286 vide,
1181 1243 1236 1273 ne
1264 1231 1431 1275 tolerari
1461 1233 1587 1287 possit
1616 1246 1687 1276 ne-

251 1314 332 1356 que
368 1325 418 1331 —
452 1300 522 1341 nil
556 1323 606 1329 —
642 1312 717 1353 pro
757 1312 890 1354 neque
919 1301 1089 1344 disiecti
1117 1314 1250 1356 neque
1277 1303 1509 1358 quidquam
1533 1316 1686 1358 pauco-

250 1386 349 1416 rwm
383 1372 592 1414 instinctu
620 1376 804 1425 aqerent.
819 1389 838 1407 »
864 1370 934 1414 Or.

309 1442 424 1496 Quae
469 1441 687 1496 explicatio
734 1453 785 1482 ex
827 1453 922 1483 mea
952 1440 1125 1495 quidem
1153 1444 1357 1485 sententia
1385 1443 1486 1485 ferri
1519 1445 1682 1498 nequit.

250 1512 370 1568 Quod
392 1525 516 1568 porro
544 1510 597 1554 ad
622 1507 808 1566 Κρίσεως
836 1510 1126 1567 diplomaticae
1151 1512 1265 1568 leges
1290 1514 1457 1568 attinet,
1492 1513 1597 1557 haec
1611 1528 1681 1558 ac-

247 1587 351 1641 cipe.
383 1585 622 1638 Nusquam,
656 1584 737 1624 nisi
768 1595 839 1624 me
871 1583 1013 1624 omnia
1047 1581 1220 1638 fallant,
1247 1585 1292 1625 in
1322 1584 1378 1627 M.
1400 1584 1432 1626 1.
1450 1589 1492 1626 et
1510 1585 1561 1627 11.
1577 1585 1682 1640 legi-v

248 1662 320 1699 tur
343 1657 429 1710 nil,
451 1656 497 1697 in
511 1654 554 1698 M
578 1655 611 1697 Ι.
630 1666 794 1709 semper
812 1653 929 1696 nihil
960 1653 1138 1709 legitur,
1153 1654 1315 1697 nullam
1331 1655 1479 1698 saltem
1489 1655 1681 1699 lectionis

247 1727 489 1770 varietatem
507 1738 560 1767 ex
587 1737 637 1766 eo
667 1724 853 1778 ascripsit
882 1722 952 1766 Or.
991 1723 1047 1765 cf.
1076 1724 1197 1767 Tom.
1221 1725 1239 1767 1
1264 1738 1305 1780 p.
1340 1725 1383 1780 5,
1413 1725 1442 1768 1.
1472 1725 1522 1780 7,
1557 1738 1597 1780 p.
1630 1726 1682 1781 9,

248 1798 277 1839 l.
312 1798 365 1851 8,·
395 1810 435 1851 p.
470 1796 543 1849 14,
569 1795 598 1836 l.
638 1794 692 1848 8,
716 1807 756 1848 p.
792 1794 867 1847 24,
904 1793 932 1834 1.
978 1793 1027 1847 1,
1058 1807 1098 1848 p.
1129 1794 1290 1848 150,1.
1327 1796 1406 1850 12,
1431 1809 1472 1851 p.
1513 1796 1616 1850 151,
1650 1796 1681 1838 l.

249 1869 305 1911 16
347 1867 431 1910 etc.
470 1870 548 1908 etc.
589 1865 635 1907 in
668 1864 712 1908 M
740 1864 789 1906 11.
839 1864 1089 1919 plerumque
1118 1864 1255 1908 nichil
1285 1866 1485 1921 scriptum
1512 1871 1589 1921 est,
1624 1865 1679 1909 cf.

247 1941 370 1982 Tom.
418 1938 453 1993 1,
499 1951 540 1992 p.
588 1935 746 1990 527,1.
787 1935 846 1990 7,
885 1949 924 1990 p.
968 1935 1073 1990 542,
1108 1936 1152 1977 1.·
1174 1936 1253 1991 15,
1284 1950 1323 1992 p.
1360 1938 1465 1992 555,
1495 1937 1525 1980 1.
1555 1938 1609 1992 2,
1636 1951 1677 1993 p.

248 2012 354 2066 559,
383 2011 413 2053 l.
454 2011 510 2064 5,
539 2023 578 2064 p.
607 2007 712 2062 560,
743 2008 772 2050 l.
797 2008 851 2061 4,
878 2020 919 2062 p.
952 2007 1056 2061 567,
1089 2008 1117 2050 l.
1150 2008 1232 2063 12,
1262 2022 1302 2063 p.
1336 2009 1489 2063 571,1,
1519 2009 1575 2063 2,
1599 2014 1678 2052 etc.

247 2090 325 2129 etc.
383 2083 505 2127 Tom.
557 2081 610 2136 ΙΙ,
635 2093 676 2136 p.
707 2079 810 2135 158,
840 2078 869 2122 l.
904 2078 959 2135 7,·
990 2093 1029 2135 p.
1067 2079 1172 2136 140,
1208 2079 1236 2125 l.
1261 2080 1315 2137 4,
1341 2093 1383 2138 p,
1419 2081 1523 2137 141,
1558 2081 1586 2124 l.
1625 2081 1679 2138 7,

246 2172 287 2213 p.
338 2156 441 2209 145,
485 2155 514 2196 1.
564 2153 649 2207 20,
684 2166 724 2207 p.
764 2152 867 2206 146,
898 2152 927 2193 1.
967 2152 992 2192 5
1030 2157 1108 2195 etc.
1140 2158 1217 2195 etc.
1255 2153 1325 2195 hic
1355 2154 1441 2196 illic
1471 2155 1680 2197 invenitur

246 2230 363 2273 nihil
393 2227 448 2271 cf.
482 2240 519 2270 e.
553 2226 675 2268 Tom.
703 2225 753 2280 11,
782 2238 823 2280 p.
850 2223 962 2279 Ι158,
992 2224 1021 2267 l.
1056 2225 1139 2280 14,
1169 2239 1209 2281 p.
1241 2226 1344 2281 142,
1379 2225 1408 2268 l.
1443 2226 1470 2268 2
1501 2231 1578 2270 etc.
1596 2233 1676 2270 etc.

308 2301 397 2356 Ego
433 2295 746 2340 rescribendum
775 2307 862 2336 esse
897 2294 1021 2336 credo
1058 2301 1117 2324 ——-'
1133 2308 1226 2350 neq.
1257 2296 1442 2351 disiecti,
1472 2297 1545 2339 UT
1572 2311 1678 2353 pau-

246 2386 391 2417 corum
419 2368 598 2414 consilio
631 2367 702 2422 (sc.
725 2367 1002 2420 ardescerent,
1027 2379 1139 2410 non:
1172 2366 1376 2422 aqerent),
1405 2369 1479 2411 sed
1498 2374 1576 2412 etc.
1610 2368 1679 2424 (de

245 2445 285 2486 vi
316 2441 456 2485 vocab.
488 2451 620 2494 neque
641 2462 692 2468 —
711 2438 784 2480 sed
809 2435 865 2494 cf.
898 2435 1145 2496 Baumstark
1175 2436 1227 2479 ad
1243 2435 1357 2480 Caes.
1400 2437 1445 2481 B.
1479 2438 1527 2482 C.
1547 2440 1591 2490 5,
1620 2438 1678 2481 28

247 2531 287 2571 p.
326 2514 430 2568 474,
471 2517 514 2555 et
539 2510 673 2554 Hand.
708 2510 829 2552 Turs.
872 2508 941 2563 IV,
971 2523 1012 2563 p.
1049 2509 1151 2563 115,
1183 2509 1261 2551 Nm.
1295 2510 1383 2564 22),
1420 2516 1517 2553 aut:
1547 2523 1680 2565 neque

247 2585 415 2630 disiecti
459 2582 568 2626 AUT
613 2588 845 2637 paucorwm
894 2579 1124 2633 instinctu,
1153 2580 1227 2622 sed
1258 2585 1336 2624 etc.
1374 2581 1435 2623 De
1464 2582 1500 2623 vi
1538 2580 1676 2623 vocab.

248 2671 380 2712 neque
399 2681 447 2686 --
468 2660 544 2697 aut
579 2652 633 2695 ci.
663 2651 796 2695 Hand.
822 2651 944 2693 Turs.
973 2651 1004 2699 1,
1037 2664 1076 2704 p.
1119 2650 1220 2707 545,
1256 2652 1333 2698 Nm.
1367 2652 1408 2694 9.
1684 2653 1691 2656 “
