1905 3135
939 110 963 137 x

944 188 1021 238 68Δ

249 330 383 360 remu
414 328 570 357 rmerru
588 346 601 368 ,
633 327 825 357 comunem
857 327 1064 356 nssvoclvrr
1096 313 1308 356 Ocnum.
1323 331 1342 348 υ
1384 314 1425 356 Μ
1454 314 1579 357 habet
1600 312 1684 356 His

249 397 500 441 quanquam.
538 385 732 428 Rescribo
766 384 956 441 Hicquss
986 384 1184 440 n-Equam
1218 383 1329 426 Nero
1354 396 1398 439 p.
1428 386 1476 441 11.
1509 398 1600 429 oon.
1622 398 1681 427 re.

252 457 323 500 Or.
358 457 466 510 Hic,
501 456 612 510 quod
649 462 690 498 et
720 456 791 499 lib.
826 456 905 510 111,
939 468 1029 511 cop.
1063 456 1132 511 IV,
1166 470 1208 512 p,
1243 455 1355 509 155,
1388 456 1416 498 1.
1453 456 1682 503 192rescri-

247 527 431 569 bendum
472 524 709 581 essesxdixi,
734 539 774 557 =
804 538 937 581 quum
977 538 1043 568 res
1077 539 1127 569 eo
1165 526 1255 569 loco
1285 530 1443 576 essent,
1472 526 1597 568 rebus
1617 529 1685 569 ‘ita

247 599 520 653 comparatis,
566 598 645 640 hoc
695 602 839 640 rerum
887 601 995 639 statu
1032 610 1072 629 =
1100 598 1278 642 ἐνταῦθα
1305 618 1345 637 =
1375 597 1426 640 da
1456 610 1545 640 nun
1562 629 1576 652 ,
1607 598 1685 653 da,

248 670 314 712 bei
356 682 402 712 so
432 668 679 712 bewandten
707 668 989 713 Umstaenden
1023 669 1078 713 cf.
1111 670 1246 714 Hand.
1276 671 1396 713 Turs.
1429 669 1511 725 111,
1545 683 1585 725 p.
1610 668 1684 725 80,

248 741 378 783 Daeh.
413 746 454 782 et
485 740 625 782 Bremi
656 739 707 782 ad
744 740 844 796 Nep.
880 739 984 783 Milt.
1018 741 1072 795 5,
1106 740 1147 784 7.
1197 740 1303 785 Sunt
1333 746 1546 784 momenta
1575 746 1685 783 tem-

248 813 380 867 poris,
417 812 489 853 ubi
516 813 651 853 etiam
684 812 914 866 pessimum
945 823 1155 867 quemque
1185 812 1363 855 naturali
1390 811 1569 867 quadam
1590 824 1686 868 poe—

249 882 424 924 nitentia
457 887 719 924 commotum
749 882 1023 938 flagitiorum·
1040 892 1214 925 suorum
1234 884 1466 938 poeniteat,
1482 883 1688 938 imprimis

249 951 471 994 manifesta
517 958 559 994 et
596 953 750 1007 insigni
781 952 963 1007 quadam
997 966 1155 1008 caussa,
1181 965 1310 1008 quam
1336 958 1480 997 vocant
1508 955 1686 997 exterio-

248 1036 356 1077 rem,
389 1022 634 1077 accedente,
666 1036 772 1077 quae
793 1024 985 1065 animum
1017 1024 1107 1065 eius
1138 1023 1191 1065 ad
1225 1029 1391 1078 tempus
1423 1024 1689 1083 'vehementer

248 1098 474 1148 permovet.
519 1094 640 1135 Tunc
667 1092 721 1135 ad
751 1093 972 1135 sanitatem
997 1094 1147 1135 reverti
1179 1099 1221 1136 et
1251 1093 1301 1135 ad
1334 1094 1489 1135 bonam
1519 1093 1689 1149 frugem

249 1177 292 1206 se
342 1165 524 1219 recipere
571 1163 754 1218 videtur,
805 1164 891 1206 iam
932 1165 1017 1206 iam
1067 1164 1174 1207 bene
1215 1151 1339 1219 agere
1369 1165 1536 1220 incipit,
1562 1166 1689 1208 vitam

251 1235 568 1278 laudabiliorem
595 1235 821 1277 exorditur.
860 1234 914 1277 At
944 1247 1043 1277 mox
1075 1248 1099 1277 a
1129 1240 1325 1278 consueta
1358 1235 1531 1278 libidine
1547 1236 1690 1279 valiave

253 1308 384 1349 animi
416 1307 727 1362 perturbatione
762 1306 1077 1349 recrudescente
1106 1307 1392 1349 vehementius
1422 1309 1615 1350 incitatus
1639 1307 1692 1350 ad

254 1379 324 1435 id,
362 1379 414 1422 de
456 1392 539 1434 quo
590 1378 786 1422 desistere
838 1379 943 1421 velle
980 1378 1196 1422 videbatur
1211 1412 1225 1434 ,
1257 1379 1364 1422 redit
1398 1384 1440 1423 et
1473 1381 1588 1435 quasi
1617 1379 1691 1423 de—

253 1452 444 1503 miratur,
474 1449 586 1505 quod
618 1456 705 1491 tam
726 1450 851 1491 stulte
887 1462 1035 1504 agere,
1070 1450 1182 1504 quod
1214 1452 1271 1492 sic
1301 1450 1365 1505 id,
1396 1463 1479 1504 quo
1513 1451 1690 1493 delecta—

252 1522 374 1564 batur
391 1526 488 1576 etc.,
513 1521 691 1564 abiicere
717 1521 914 1575 potuerit,
945 1521 1267 1576 revertiturque,
1283 1526 1330 1564 ut
1345 1522 1483 1576 canis,
1499 1521 1693 1564 ad'suum

251 1594 469 1634 vomitum.
528 1593 616 1635 Hoc
651 1605 818 1647 quoque
850 1592 997 1634 accidit
1035 1592 1201 1635 Neroni.
1236 1592 1402 1635 Tacitus
1438 1593 1567 1648 igitur
1598 1606 1693 1637 nar-

247 1678 373 1718 rans,
425 1678 449 1706 a
491 1664 654 1706 Nerone
712 1665 938 1718 coniugem
997 1669 1229 1706 revocatam
1284 1677 1394 1719 esse,
1445 1665 1602 1719 sciens,
1648 1678 1694 1707 re

254 1737 474 1791 improvisa
524 1740 648 1790 atque
695 1735 904 1790 inopinata
947 1741 1112 1778 motum
1142 1736 1436 1791 imperatorem
1471 1737 1528 1779 ita
1562 1738 1694 1792 egisse

256 1822 437 1863 moxque
467 1807 519 1850 ad
551 1808 734 1863 priorem
765 1808 893 1849 vitam
924 1819 1188 1849 reversurum
1219 1820 1331 1863 esse,
1367 1808 1599 1864 subiratus,
1632 1810 1694 1850 in—

257 1879 554 1935 dignabundus
569 1879 683 1921 addit
696 1879 943 1922 vocabulum
963 1892 1156 1934 nequam.
1175 1903 1224 1909 —-
1239 1880 1325 1921 Hoc
1351 1880 1442 1922 loco
1461 1885 1696 1936 praecepto-

258 1952 399 2004 ribus,
443 1951 515 2005 qui
554 1951 835 2005 superioribus
881 1950 1206 2006 Gymnasiorum
1247 1951 1694 2007 classibuspraesunt,
1739 1966 1741 1969 ·

259 2029 403 2065 auctor
448 2035 566 2075 sum,
608 2027 654 2064 ut
700 2022 1004 2063 mathematicis
1034 2034 1140 2076 quae
1171 2028 1368 2064 vocantur
1397 2022 1624 2065 altioribus
1653 2024 1697 2064 in

215 2097 220 2102 ‘
257 2099 477 2150 perpetum
508 2107 558 2137 ex
590 2094 665 2148 iis,
702 2106 809 2148 quae
843 2094 887 2135 in
915 2092 1152 2149 Gymnasiis
1182 2093 1372 2150 discipuli
1398 2093 1614 2150 docentur,
1630 2107 1698 2137 ex-

259 2168 492 2210 terminatis
525 2167 751 2221 (pertinent
784 2166 900 2208 enim
937 2165 989 2207 ad
1015 2179 1085 2219 ea,
1120 2178 1227 2220 quae
1253 2180 1277 2208 a
1307 2166 1518 2220 magistris
1551 2167 1696 2209 acade-
1766 2194 1769 2196 -

260 2238 381 2280 micis
409 2236 610 2281 tradenda
638 2236 750 2292 sunt)
783 2236 1005 2292 discipulos
1030 2250 1125 2279 suos
1150 2237 1286 2293 logica
1317 2242 1360 2280 et
1388 2237 1699 2295 psychologiam

260 2311 465 2364 breviter,
507 2309 699 2352 distincte
744 2322 791 2351 ac
826 2300 1044 2351 distribute
1079 2308 1253 2353 doceant
1277 2321 1363 2351 non
1394 2309 1698 2367 obliviscentes,

262 2382 583 2440 Gymnasiastas
629 2381 693 2437 (ut
741 2381 950 2424 brevitatis
1000 2379 1137 2424 studio
1185 2380 1334 2423 ductus
1377 2380 1457 2424 hoc
1501 2382 1699 2426 vocabulo

260 2453 368 2509 utar)
405 2467 428 2495 a
464 2465 507 2495 se
548 2451 733 2507 erudiri,
761 2465 864 2503 non?
887 2451 989 2495 illos
1020 2451 1354 2495 humanissimos
1371 2452 1500 2519 viros,
1515 2454 1698 2510 ornatis-

257 2528 465 2581 simosque
495 2524 783 2569 comilitones!

318 2597 432 2651 Quae
464 2600 712 2652 sequuntur,
745 2597 902 2652 optime
934 2593 1169 2640 emendavit
1191 2594 1378 2653 Grotius,
1411 2597 1530 2640 cuius
1565 2595 1695 2651 expli-

256 2670 407 2711 cationi
442 2668 635 2711 accedere
678 2681 851 2721 nequeo.
895 2667 1113 2709 Veneratio
1145 2667 1186 2709 h.
1216 2668 1243 2710 l.
1280 2681 1364 2710 non
1396 2674 1457 2709 est
1495 2667 1696 2713 deorum>

1850 2426 1877 2450 j,
